,code,name,time,price,volume,preprice,type
0,600516,方大炭素,14:59:59,18.64,58200,18.63,买盘
1,600516,方大炭素,14:59:56,18.63,92800,18.68,卖盘
2,600516,方大炭素,14:59:53,18.68,148000,18.62,买盘
3,600516,方大炭素,14:59:47,18.64,55800,18.61,买盘
4,600516,方大炭素,14:59:44,18.61,79300,18.63,卖盘
5,600516,方大炭素,14:59:41,18.63,757300,18.6,买盘
6,600516,方大炭素,14:59:38,18.6,194773,18.6,卖盘
7,600516,方大炭素,14:59:35,18.6,103860,18.61,卖盘
8,600516,方大炭素,14:59:32,18.61,741540,18.6,买盘
9,600516,方大炭素,14:59:29,18.6,198600,18.6,买盘
10,600516,方大炭素,14:59:26,18.6,122900,18.58,买盘
11,600516,方大炭素,14:59:23,18.58,82400,18.58,买盘
12,600516,方大炭素,14:59:20,18.58,145600,18.58,买盘
13,600516,方大炭素,14:59:17,18.58,144700,18.57,买盘
14,600516,方大炭素,14:59:14,18.57,149000,18.59,卖盘
15,600516,方大炭素,14:59:11,18.59,79500,18.58,买盘
16,600516,方大炭素,14:59:05,18.58,74900,18.58,买盘
17,600516,方大炭素,14:59:02,18.58,743600,18.6,中性盘
18,600516,方大炭素,14:58:59,18.6,184900,18.6,买盘
19,600516,方大炭素,14:58:56,18.6,82427,18.6,卖盘
20,600516,方大炭素,14:58:53,18.6,174900,18.6,卖盘
21,600516,方大炭素,14:58:50,18.6,195500,18.61,卖盘
22,600516,方大炭素,14:58:47,18.61,59300,18.61,买盘
23,600516,方大炭素,14:58:44,18.61,197500,18.61,买盘
24,600516,方大炭素,14:58:41,18.61,67000,18.62,卖盘
25,600516,方大炭素,14:58:38,18.62,147800,18.61,中性盘
26,600516,方大炭素,14:58:32,18.63,42500,18.62,买盘
27,600516,方大炭素,14:58:29,18.62,131000,18.63,卖盘
28,600516,方大炭素,14:58:26,18.63,40642,18.63,买盘
29,600516,方大炭素,14:58:23,18.63,63800,18.61,买盘
30,600516,方大炭素,14:58:17,18.63,40300,18.63,买盘
31,600516,方大炭素,14:58:14,18.63,404100,18.65,卖盘
32,600516,方大炭素,14:58:11,18.65,84880,18.65,买盘
33,600516,方大炭素,14:58:08,18.65,127700,18.64,买盘
34,600516,方大炭素,14:58:05,18.64,258900,18.63,中性盘
35,600516,方大炭素,14:58:02,18.63,55000,18.65,卖盘
36,600516,方大炭素,14:57:59,18.65,86451,18.65,买盘
37,600516,方大炭素,14:57:56,18.65,93700,18.64,卖盘
38,600516,方大炭素,14:57:53,18.64,81600,18.65,卖盘
39,600516,方大炭素,14:57:50,18.65,80500,18.67,卖盘
40,600516,方大炭素,14:57:40,18.65,51140,18.66,卖盘
41,600516,方大炭素,14:57:34,18.69,180400,18.69,买盘
42,600516,方大炭素,14:57:31,18.69,114800,18.68,买盘
43,600516,方大炭素,14:57:28,18.68,83500,18.69,卖盘
44,600516,方大炭素,14:57:25,18.69,76500,18.7,卖盘
45,600516,方大炭素,14:57:19,18.68,46300,18.71,卖盘
46,600516,方大炭素,14:57:16,18.71,426700,18.7,买盘
47,600516,方大炭素,14:57:13,18.7,75300,18.71,卖盘
48,600516,方大炭素,14:57:10,18.71,110600,18.72,卖盘
49,600516,方大炭素,14:57:04,18.71,52800,18.71,卖盘
50,600516,方大炭素,14:56:55,18.7,55460,18.69,买盘
51,600516,方大炭素,14:56:49,18.7,55200,18.7,卖盘
52,600516,方大炭素,14:56:46,18.7,126500,18.65,买盘
53,600516,方大炭素,14:56:43,18.65,169995,18.68,卖盘
54,600516,方大炭素,14:56:40,18.68,78205,18.66,中性盘
55,600516,方大炭素,14:56:34,18.66,62600,18.66,卖盘
56,600516,方大炭素,14:56:31,18.66,185900,18.66,卖盘
57,600516,方大炭素,14:56:28,18.66,53100,18.66,卖盘
58,600516,方大炭素,14:56:25,18.66,81500,18.62,买盘
59,600516,方大炭素,14:56:19,18.62,113500,18.64,卖盘
60,600516,方大炭素,14:56:16,18.64,134800,18.6,买盘
61,600516,方大炭素,14:56:13,18.6,54820,18.62,卖盘
62,600516,方大炭素,14:56:10,18.62,70700,18.59,买盘
63,600516,方大炭素,14:56:07,18.59,42400,18.59,卖盘
64,600516,方大炭素,14:56:04,18.59,88200,18.59,卖盘
65,600516,方大炭素,14:56:01,18.59,111200,18.6,卖盘
66,600516,方大炭素,14:55:58,18.6,44000,18.59,买盘
67,600516,方大炭素,14:55:55,18.59,403500,18.57,买盘
68,600516,方大炭素,14:55:52,18.57,390600,18.56,中性盘
69,600516,方大炭素,14:55:49,18.56,430400,18.55,中性盘
70,600516,方大炭素,14:55:46,18.55,144400,18.55,卖盘
71,600516,方大炭素,14:55:43,18.55,60900,18.55,卖盘
72,600516,方大炭素,14:55:40,18.55,276800,18.54,中性盘
73,600516,方大炭素,14:55:37,18.54,43300,18.55,卖盘
74,600516,方大炭素,14:55:34,18.55,160940,18.54,买盘
75,600516,方大炭素,14:55:31,18.54,200600,18.55,卖盘
76,600516,方大炭素,14:55:28,18.55,137200,18.54,买盘
77,600516,方大炭素,14:55:25,18.54,105184,18.56,卖盘
78,600516,方大炭素,14:55:22,18.56,104400,18.56,卖盘
79,600516,方大炭素,14:55:19,18.56,181200,18.57,卖盘
80,600516,方大炭素,14:55:16,18.57,142100,18.56,买盘
81,600516,方大炭素,14:55:13,18.56,175000,18.57,买盘
82,600516,方大炭素,14:55:10,18.57,98500,18.57,买盘
83,600516,方大炭素,14:55:07,18.57,61756,18.56,卖盘
84,600516,方大炭素,14:55:04,18.56,161900,18.56,卖盘
85,600516,方大炭素,14:55:01,18.56,81600,18.56,卖盘
86,600516,方大炭素,14:54:58,18.56,125000,18.56,卖盘
87,600516,方大炭素,14:54:55,18.56,47000,18.56,卖盘
88,600516,方大炭素,14:54:52,18.56,113660,18.56,买盘
89,600516,方大炭素,14:54:49,18.56,129500,18.57,卖盘
90,600516,方大炭素,14:54:46,18.57,155000,18.56,买盘
91,600516,方大炭素,14:54:43,18.56,112200,18.56,买盘
92,600516,方大炭素,14:54:40,18.56,94600,18.57,中性盘
93,600516,方大炭素,14:54:37,18.57,55300,18.57,买盘
94,600516,方大炭素,14:54:34,18.57,53800,18.57,买盘
95,600516,方大炭素,14:54:31,18.57,140600,18.58,卖盘
96,600516,方大炭素,14:54:28,18.58,192100,18.58,买盘
97,600516,方大炭素,14:54:25,18.58,59700,18.58,买盘
98,600516,方大炭素,14:54:22,18.58,128450,18.59,卖盘
99,600516,方大炭素,14:54:19,18.59,73300,18.59,买盘
100,600516,方大炭素,14:54:16,18.59,83400,18.59,买盘
101,600516,方大炭素,14:54:13,18.59,110000,18.62,卖盘
102,600516,方大炭素,14:54:10,18.62,118200,18.63,中性盘
103,600516,方大炭素,14:54:07,18.63,152300,18.62,买盘
104,600516,方大炭素,14:53:58,18.6,139200,18.6,卖盘
105,600516,方大炭素,14:53:52,18.58,159900,18.6,卖盘
106,600516,方大炭素,14:53:49,18.6,225650,18.59,买盘
107,600516,方大炭素,14:53:46,18.59,47300,18.6,中性盘
108,600516,方大炭素,14:53:43,18.6,64400,18.58,买盘
109,600516,方大炭素,14:53:40,18.58,45800,18.58,卖盘
110,600516,方大炭素,14:53:34,18.59,197100,18.56,买盘
111,600516,方大炭素,14:53:27,18.55,144160,18.55,卖盘
112,600516,方大炭素,14:53:25,18.55,111317,18.55,买盘
113,600516,方大炭素,14:53:22,18.55,473700,18.53,买盘
114,600516,方大炭素,14:53:19,18.53,502100,18.52,买盘
115,600516,方大炭素,14:53:16,18.52,415257,18.51,买盘
116,600516,方大炭素,14:53:12,18.51,101300,18.5,买盘
117,600516,方大炭素,14:53:10,18.5,135400,18.51,卖盘
118,600516,方大炭素,14:53:06,18.51,68800,18.52,中性盘
119,600516,方大炭素,14:53:04,18.52,171800,18.5,买盘
120,600516,方大炭素,14:53:01,18.5,207255,18.5,买盘
121,600516,方大炭素,14:52:58,18.5,107800,18.5,买盘
122,600516,方大炭素,14:52:54,18.5,247445,18.52,卖盘
123,600516,方大炭素,14:52:52,18.52,161280,18.5,买盘
124,600516,方大炭素,14:52:49,18.5,118400,18.51,卖盘
125,600516,方大炭素,14:52:46,18.51,221860,18.52,卖盘
126,600516,方大炭素,14:52:43,18.52,65400,18.52,买盘
127,600516,方大炭素,14:52:39,18.52,105000,18.5,买盘
128,600516,方大炭素,14:52:37,18.5,235115,18.5,买盘
129,600516,方大炭素,14:52:33,18.5,184100,18.5,买盘
130,600516,方大炭素,14:52:30,18.5,244100,18.48,买盘
131,600516,方大炭素,14:52:28,18.48,217600,18.5,卖盘
132,600516,方大炭素,14:52:24,18.5,179300,18.5,买盘
133,600516,方大炭素,14:52:22,18.5,210400,18.5,买盘
134,600516,方大炭素,14:52:16,18.5,317600,18.51,买盘
135,600516,方大炭素,14:52:13,18.51,305095,18.47,中性盘
136,600516,方大炭素,14:52:10,18.47,579500,18.5,卖盘
137,600516,方大炭素,14:52:07,18.5,147900,18.5,卖盘
138,600516,方大炭素,14:52:03,18.5,201700,18.5,卖盘
139,600516,方大炭素,14:52:00,18.5,608889,18.46,买盘
140,600516,方大炭素,14:51:58,18.46,591200,18.47,买盘
141,600516,方大炭素,14:51:54,18.47,129500,18.46,买盘
142,600516,方大炭素,14:51:51,18.46,338800,18.46,买盘
143,600516,方大炭素,14:51:49,18.46,98000,18.48,卖盘
144,600516,方大炭素,14:51:45,18.48,74000,18.46,买盘
145,600516,方大炭素,14:51:42,18.46,106700,18.48,卖盘
146,600516,方大炭素,14:51:38,18.48,349300,18.48,买盘
147,600516,方大炭素,14:51:35,18.48,129400,18.48,买盘
148,600516,方大炭素,14:51:32,18.48,173100,18.48,买盘
149,600516,方大炭素,14:51:29,18.48,87600,18.49,卖盘
150,600516,方大炭素,14:51:26,18.49,605400,18.5,卖盘
151,600516,方大炭素,14:51:23,18.5,74400,18.5,买盘
152,600516,方大炭素,14:51:20,18.5,231500,18.5,买盘
153,600516,方大炭素,14:51:17,18.5,870000,18.53,卖盘
154,600516,方大炭素,14:51:14,18.53,232700,18.5,买盘
155,600516,方大炭素,14:51:11,18.5,129200,18.53,卖盘
156,600516,方大炭素,14:51:08,18.53,219500,18.54,中性盘
157,600516,方大炭素,14:51:05,18.54,121777,18.54,买盘
158,600516,方大炭素,14:51:02,18.54,452000,18.54,买盘
159,600516,方大炭素,14:50:59,18.54,83500,18.55,卖盘
160,600516,方大炭素,14:50:56,18.55,121900,18.55,买盘
161,600516,方大炭素,14:50:50,18.55,285200,18.55,买盘
162,600516,方大炭素,14:50:47,18.55,455983,18.59,卖盘
163,600516,方大炭素,14:50:41,18.59,655600,18.58,买盘
164,600516,方大炭素,14:50:38,18.58,115400,18.59,卖盘
165,600516,方大炭素,14:50:35,18.59,57100,18.58,买盘
166,600516,方大炭素,14:50:32,18.58,111800,18.6,卖盘
167,600516,方大炭素,14:50:26,18.59,44800,18.6,中性盘
168,600516,方大炭素,14:50:23,18.6,120000,18.6,买盘
169,600516,方大炭素,14:50:20,18.6,96000,18.61,卖盘
170,600516,方大炭素,14:50:17,18.61,154000,18.59,买盘
171,600516,方大炭素,14:50:14,18.59,156844,18.61,卖盘
172,600516,方大炭素,14:50:11,18.61,375100,18.61,卖盘
173,600516,方大炭素,14:50:08,18.61,110400,18.62,中性盘
174,600516,方大炭素,14:50:05,18.62,224900,18.62,买盘
175,600516,方大炭素,14:50:02,18.62,104400,18.63,卖盘
176,600516,方大炭素,14:49:56,18.63,255500,18.63,卖盘
177,600516,方大炭素,14:49:50,18.61,151500,18.63,卖盘
178,600516,方大炭素,14:49:47,18.63,86300,18.63,卖盘
179,600516,方大炭素,14:49:41,18.61,124700,18.64,卖盘
180,600516,方大炭素,14:49:35,18.6,81500,18.6,卖盘
181,600516,方大炭素,14:49:32,18.6,66756,18.6,买盘
182,600516,方大炭素,14:49:29,18.6,118400,18.6,买盘
183,600516,方大炭素,14:49:23,18.6,51500,18.6,买盘
184,600516,方大炭素,14:49:20,18.6,873388,18.67,卖盘
185,600516,方大炭素,14:49:14,18.66,63800,18.66,买盘
186,600516,方大炭素,14:49:11,18.66,68900,18.66,卖盘
187,600516,方大炭素,14:49:08,18.66,57600,18.66,买盘
188,600516,方大炭素,14:49:05,18.66,87200,18.69,卖盘
189,600516,方大炭素,14:49:02,18.69,146500,18.68,买盘
190,600516,方大炭素,14:48:59,18.68,93700,18.68,卖盘
191,600516,方大炭素,14:48:50,18.68,71400,18.7,卖盘
192,600516,方大炭素,14:48:44,18.7,57600,18.68,买盘
193,600516,方大炭素,14:48:41,18.68,51000,18.68,卖盘
194,600516,方大炭素,14:48:38,18.68,63200,18.69,卖盘
195,600516,方大炭素,14:48:35,18.69,54872,18.7,卖盘
196,600516,方大炭素,14:48:32,18.7,90200,18.7,卖盘
197,600516,方大炭素,14:48:29,18.7,64728,18.69,买盘
198,600516,方大炭素,14:48:26,18.69,52100,18.69,卖盘
199,600516,方大炭素,14:48:20,18.69,40100,18.7,卖盘
200,600516,方大炭素,14:48:17,18.7,82800,18.7,买盘
201,600516,方大炭素,14:48:08,18.69,42000,18.68,买盘
202,600516,方大炭素,14:48:02,18.68,75500,18.69,卖盘
203,600516,方大炭素,14:47:56,18.66,94000,18.66,卖盘
204,600516,方大炭素,14:47:53,18.66,110900,18.66,卖盘
205,600516,方大炭素,14:47:50,18.66,205500,18.63,买盘
206,600516,方大炭素,14:47:47,18.63,231000,18.62,中性盘
207,600516,方大炭素,14:47:44,18.62,99300,18.61,中性盘
208,600516,方大炭素,14:47:41,18.61,250900,18.6,买盘
209,600516,方大炭素,14:47:38,18.6,348312,18.59,买盘
210,600516,方大炭素,14:47:35,18.59,49600,18.6,中性盘
211,600516,方大炭素,14:47:32,18.6,108900,18.58,买盘
212,600516,方大炭素,14:47:29,18.58,312288,18.61,卖盘
213,600516,方大炭素,14:47:26,18.61,186612,18.6,买盘
214,600516,方大炭素,14:47:23,18.6,74388,18.61,卖盘
215,600516,方大炭素,14:47:20,18.61,167800,18.61,买盘
216,600516,方大炭素,14:47:14,18.6,52900,18.64,卖盘
217,600516,方大炭素,14:47:11,18.64,535300,18.64,买盘
218,600516,方大炭素,14:47:05,18.63,216200,18.68,卖盘
219,600516,方大炭素,14:47:02,18.68,81400,18.67,买盘
220,600516,方大炭素,14:46:59,18.67,61100,18.68,卖盘
221,600516,方大炭素,14:46:53,18.69,63012,18.7,卖盘
222,600516,方大炭素,14:46:44,18.69,52896,18.73,卖盘
223,600516,方大炭素,14:46:41,18.73,100900,18.7,买盘
224,600516,方大炭素,14:46:38,18.7,46100,18.72,卖盘
225,600516,方大炭素,14:46:34,18.72,76500,18.74,中性盘
226,600516,方大炭素,14:46:32,18.74,385900,18.73,买盘
227,600516,方大炭素,14:46:26,18.74,54500,18.74,买盘
228,600516,方大炭素,14:46:19,18.75,61300,18.75,买盘
229,600516,方大炭素,14:46:14,18.75,46700,18.75,买盘
230,600516,方大炭素,14:46:08,18.74,54200,18.74,买盘
231,600516,方大炭素,14:45:56,18.74,48800,18.78,卖盘
232,600516,方大炭素,14:45:50,18.75,47100,18.78,卖盘
233,600516,方大炭素,14:45:35,18.79,77400,18.78,买盘
234,600516,方大炭素,14:45:26,18.76,97500,18.77,卖盘
235,600516,方大炭素,14:45:20,18.74,218100,18.79,卖盘
236,600516,方大炭素,14:45:11,18.76,47800,18.77,卖盘
237,600516,方大炭素,14:45:08,18.77,208400,18.78,中性盘
238,600516,方大炭素,14:44:59,18.77,72700,18.75,买盘
239,600516,方大炭素,14:44:56,18.75,49740,18.75,卖盘
240,600516,方大炭素,14:44:53,18.75,48260,18.75,买盘
241,600516,方大炭素,14:44:50,18.75,46700,18.74,买盘
242,600516,方大炭素,14:44:44,18.72,53581,18.72,卖盘
243,600516,方大炭素,14:44:41,18.72,95200,18.74,卖盘
244,600516,方大炭素,14:44:38,18.74,86200,18.73,买盘
245,600516,方大炭素,14:44:35,18.73,77300,18.72,买盘
246,600516,方大炭素,14:44:29,18.71,77900,18.7,买盘
247,600516,方大炭素,14:44:26,18.7,96920,18.7,卖盘
248,600516,方大炭素,14:44:23,18.7,121043,18.7,买盘
249,600516,方大炭素,14:44:17,18.67,47700,18.69,卖盘
250,600516,方大炭素,14:44:11,18.69,49957,18.72,卖盘
251,600516,方大炭素,14:44:08,18.72,72500,18.71,买盘
252,600516,方大炭素,14:44:02,18.72,146270,18.72,买盘
253,600516,方大炭素,14:43:59,18.72,49900,18.72,买盘
254,600516,方大炭素,14:43:50,18.72,45700,18.72,买盘
255,600516,方大炭素,14:43:44,18.72,45200,18.73,卖盘
256,600516,方大炭素,14:43:35,18.73,40100,18.73,卖盘
257,600516,方大炭素,14:43:26,18.73,41200,18.74,卖盘
258,600516,方大炭素,14:43:20,18.73,43200,18.72,买盘
259,600516,方大炭素,14:43:11,18.73,566700,18.74,卖盘
260,600516,方大炭素,14:43:08,18.74,42100,18.74,卖盘
261,600516,方大炭素,14:43:02,18.73,73180,18.74,卖盘
262,600516,方大炭素,14:42:59,18.74,101900,18.74,买盘
263,600516,方大炭素,14:42:32,18.77,50000,18.8,中性盘
264,600516,方大炭素,14:42:29,18.8,118200,18.76,买盘
265,600516,方大炭素,14:42:26,18.76,49600,18.78,卖盘
266,600516,方大炭素,14:42:17,18.79,87300,18.8,中性盘
267,600516,方大炭素,14:42:08,18.8,71000,18.8,卖盘
268,600516,方大炭素,14:42:05,18.8,49200,18.8,卖盘
269,600516,方大炭素,14:41:26,18.73,55200,18.73,卖盘
270,600516,方大炭素,14:41:20,18.8,112340,18.71,买盘
271,600516,方大炭素,14:41:17,18.71,66000,18.7,买盘
272,600516,方大炭素,14:41:14,18.7,112960,18.69,中性盘
273,600516,方大炭素,14:41:11,18.69,108100,18.7,中性盘
274,600516,方大炭素,14:41:08,18.7,176500,18.67,买盘
275,600516,方大炭素,14:41:05,18.67,71500,18.67,卖盘
276,600516,方大炭素,14:41:02,18.67,53100,18.66,中性盘
277,600516,方大炭素,14:40:59,18.66,96300,18.66,买盘
278,600516,方大炭素,14:40:56,18.66,96200,18.66,买盘
279,600516,方大炭素,14:40:53,18.66,268500,18.69,卖盘
280,600516,方大炭素,14:40:50,18.69,65500,18.67,买盘
281,600516,方大炭素,14:40:44,18.67,270600,18.68,卖盘
282,600516,方大炭素,14:40:41,18.68,67500,18.7,卖盘
283,600516,方大炭素,14:40:38,18.7,63300,18.7,买盘
284,600516,方大炭素,14:40:32,18.7,136300,18.7,买盘
285,600516,方大炭素,14:40:28,18.7,178000,18.72,卖盘
286,600516,方大炭素,14:40:25,18.72,56600,18.72,买盘
287,600516,方大炭素,14:40:22,18.72,69500,18.73,卖盘
288,600516,方大炭素,14:40:16,18.73,138200,18.78,卖盘
289,600516,方大炭素,14:40:13,18.78,48500,18.79,卖盘
290,600516,方大炭素,14:39:58,18.8,66100,18.85,卖盘
291,600516,方大炭素,14:39:52,18.81,180300,18.85,卖盘
292,600516,方大炭素,14:39:43,18.88,80600,18.88,买盘
293,600516,方大炭素,14:39:31,18.86,82000,18.9,卖盘
294,600516,方大炭素,14:39:22,18.91,56700,18.92,中性盘
295,600516,方大炭素,14:39:19,18.92,85900,18.92,买盘
296,600516,方大炭素,14:39:16,18.92,132400,18.94,卖盘
297,600516,方大炭素,14:39:07,18.94,128300,18.94,买盘
298,600516,方大炭素,14:39:01,18.95,59900,18.95,买盘
299,600516,方大炭素,14:38:07,18.9,77400,18.9,卖盘
300,600516,方大炭素,14:37:58,18.9,42100,18.9,买盘
301,600516,方大炭素,14:37:40,18.95,46600,18.92,买盘
302,600516,方大炭素,14:37:31,18.92,58700,18.93,卖盘
303,600516,方大炭素,14:37:07,18.88,50996,18.86,中性盘
304,600516,方大炭素,14:37:04,18.86,224000,18.86,卖盘
305,600516,方大炭素,14:37:01,18.86,152900,18.86,卖盘
306,600516,方大炭素,14:36:58,18.86,44400,18.86,卖盘
307,600516,方大炭素,14:36:55,18.86,128300,18.86,买盘
308,600516,方大炭素,14:36:52,18.86,89400,18.86,买盘
309,600516,方大炭素,14:36:43,18.86,43400,18.86,买盘
310,600516,方大炭素,14:36:40,18.86,40740,18.88,卖盘
311,600516,方大炭素,14:36:27,18.88,62000,18.89,卖盘
312,600516,方大炭素,14:36:12,18.9,40100,18.9,买盘
313,600516,方大炭素,14:36:04,18.95,72000,18.95,买盘
314,600516,方大炭素,14:35:51,18.98,93200,18.97,买盘
315,600516,方大炭素,14:35:48,18.97,68400,18.98,卖盘
316,600516,方大炭素,14:35:33,18.98,57400,18.97,中性盘
317,600516,方大炭素,14:35:30,18.97,45400,18.99,卖盘
318,600516,方大炭素,14:35:27,18.99,93800,18.98,买盘
319,600516,方大炭素,14:35:18,18.99,61100,18.99,买盘
320,600516,方大炭素,14:35:15,18.99,53300,19.0,中性盘
321,600516,方大炭素,14:35:09,19.0,68700,18.99,买盘
322,600516,方大炭素,14:35:06,18.99,146380,19.02,卖盘
323,600516,方大炭素,14:35:04,19.02,337000,19.01,买盘
324,600516,方大炭素,14:34:57,19.01,79100,19.01,卖盘
325,600516,方大炭素,14:34:48,19.0,60700,19.0,卖盘
326,600516,方大炭素,14:34:45,19.0,267820,18.97,买盘
327,600516,方大炭素,14:34:36,18.95,66600,18.9,买盘
328,600516,方大炭素,14:34:34,18.9,384840,18.99,卖盘
329,600516,方大炭素,14:34:30,18.99,46800,18.98,买盘
330,600516,方大炭素,14:34:27,18.98,47400,18.97,买盘
331,600516,方大炭素,14:34:24,18.97,70600,19.0,中性盘
332,600516,方大炭素,14:34:21,19.0,249800,18.99,买盘
333,600516,方大炭素,14:34:18,18.99,142800,18.99,买盘
334,600516,方大炭素,14:34:15,18.99,159780,19.05,卖盘
335,600516,方大炭素,14:34:12,19.05,153900,19.0,买盘
336,600516,方大炭素,14:34:09,19.0,154500,19.0,卖盘
337,600516,方大炭素,14:34:02,19.0,60120,18.97,买盘
338,600516,方大炭素,14:33:59,18.97,66400,18.99,卖盘
339,600516,方大炭素,14:33:56,18.99,347300,18.98,买盘
340,600516,方大炭素,14:33:47,18.95,42500,18.94,买盘
341,600516,方大炭素,14:33:35,18.9,48460,18.9,卖盘
342,600516,方大炭素,14:33:28,18.9,98100,18.9,买盘
343,600516,方大炭素,14:33:13,18.87,59800,18.88,卖盘
344,600516,方大炭素,14:32:58,18.82,167000,18.85,卖盘
345,600516,方大炭素,14:32:52,18.82,48600,18.85,卖盘
346,600516,方大炭素,14:32:49,18.85,99200,18.84,买盘
347,600516,方大炭素,14:32:35,18.84,79000,18.82,买盘
348,600516,方大炭素,14:32:29,18.81,45160,18.81,卖盘
349,600516,方大炭素,14:32:08,18.78,144100,18.81,卖盘
350,600516,方大炭素,14:31:58,18.8,164100,18.8,买盘
351,600516,方大炭素,14:31:56,18.8,43278,18.81,卖盘
352,600516,方大炭素,14:31:50,18.8,58380,18.8,卖盘
353,600516,方大炭素,14:31:43,18.8,81400,18.8,卖盘
354,600516,方大炭素,14:31:40,18.8,60720,18.78,买盘
355,600516,方大炭素,14:31:32,18.79,50000,18.78,中性盘
356,600516,方大炭素,14:31:29,18.78,41700,18.79,卖盘
357,600516,方大炭素,14:31:26,18.79,168000,18.76,买盘
358,600516,方大炭素,14:31:20,18.77,49100,18.78,卖盘
359,600516,方大炭素,14:31:14,18.78,199200,18.79,中性盘
360,600516,方大炭素,14:31:04,18.78,69300,18.78,买盘
361,600516,方大炭素,14:30:47,18.8,70700,18.8,买盘
362,600516,方大炭素,14:30:41,18.79,49500,18.8,买盘
363,600516,方大炭素,14:30:38,18.8,69500,18.79,买盘
364,600516,方大炭素,14:30:29,18.8,126900,18.74,买盘
365,600516,方大炭素,14:30:22,18.74,188980,18.8,卖盘
366,600516,方大炭素,14:30:17,18.81,60820,18.76,买盘
367,600516,方大炭素,14:30:13,18.76,252200,18.76,卖盘
368,600516,方大炭素,14:30:08,18.75,41900,18.79,卖盘
369,600516,方大炭素,14:30:05,18.79,195900,18.79,卖盘
370,600516,方大炭素,14:30:02,18.79,276980,18.72,买盘
371,600516,方大炭素,14:29:58,18.72,49400,18.73,卖盘
372,600516,方大炭素,14:29:56,18.73,41400,18.73,买盘
373,600516,方大炭素,14:29:47,18.73,176000,18.72,卖盘
374,600516,方大炭素,14:29:43,18.72,387500,18.73,卖盘
375,600516,方大炭素,14:29:38,18.76,172100,18.76,买盘
376,600516,方大炭素,14:29:34,18.76,60100,18.75,买盘
377,600516,方大炭素,14:29:32,18.75,49100,18.76,卖盘
378,600516,方大炭素,14:29:29,18.76,42100,18.76,买盘
379,600516,方大炭素,14:29:26,18.76,153360,18.79,卖盘
380,600516,方大炭素,14:29:16,18.77,58540,18.77,卖盘
381,600516,方大炭素,14:29:10,18.8,149980,18.8,卖盘
382,600516,方大炭素,14:29:05,18.8,140720,18.76,买盘
383,600516,方大炭素,14:29:01,18.76,231900,18.77,中性盘
384,600516,方大炭素,14:28:59,18.77,50500,18.76,买盘
385,600516,方大炭素,14:28:53,18.76,70200,18.76,卖盘
386,600516,方大炭素,14:28:50,18.76,261600,18.7,买盘
387,600516,方大炭素,14:28:35,18.68,142000,18.68,卖盘
388,600516,方大炭素,14:28:32,18.68,60800,18.66,买盘
389,600516,方大炭素,14:28:29,18.66,94960,18.66,买盘
390,600516,方大炭素,14:28:25,18.66,78900,18.66,买盘
391,600516,方大炭素,14:28:23,18.66,127180,18.66,买盘
392,600516,方大炭素,14:28:19,18.66,88100,18.62,买盘
393,600516,方大炭素,14:28:17,18.62,87600,18.63,卖盘
394,600516,方大炭素,14:28:13,18.63,121980,18.62,买盘
395,600516,方大炭素,14:28:10,18.62,62400,18.62,买盘
396,600516,方大炭素,14:28:04,18.6,40400,18.6,卖盘
397,600516,方大炭素,14:28:01,18.6,190013,18.61,中性盘
398,600516,方大炭素,14:27:58,18.61,539100,18.58,买盘
399,600516,方大炭素,14:27:56,18.58,141320,18.58,卖盘
400,600516,方大炭素,14:27:53,18.58,616900,18.57,买盘
401,600516,方大炭素,14:27:49,18.57,242096,18.56,买盘
402,600516,方大炭素,14:27:47,18.56,212700,18.57,卖盘
403,600516,方大炭素,14:27:44,18.57,534101,18.55,买盘
404,600516,方大炭素,14:27:41,18.55,203800,18.55,卖盘
405,600516,方大炭素,14:27:37,18.55,454805,18.55,卖盘
406,600516,方大炭素,14:27:35,18.55,165940,18.56,卖盘
407,600516,方大炭素,14:27:32,18.56,135000,18.53,买盘
408,600516,方大炭素,14:27:28,18.53,236700,18.53,卖盘
409,600516,方大炭素,14:27:26,18.53,272200,18.56,卖盘
410,600516,方大炭素,14:27:23,18.56,544400,18.58,卖盘
411,600516,方大炭素,14:27:19,18.58,110400,18.57,买盘
412,600516,方大炭素,14:27:17,18.57,276300,18.57,买盘
413,600516,方大炭素,14:27:13,18.57,324600,18.56,买盘
414,600516,方大炭素,14:27:10,18.56,52600,18.6,卖盘
415,600516,方大炭素,14:27:07,18.6,415500,18.57,买盘
416,600516,方大炭素,14:27:04,18.57,92800,18.59,卖盘
417,600516,方大炭素,14:27:01,18.59,609900,18.61,卖盘
418,600516,方大炭素,14:26:58,18.61,224000,18.61,卖盘
419,600516,方大炭素,14:26:55,18.61,92900,18.62,卖盘
420,600516,方大炭素,14:26:52,18.62,50300,18.62,买盘
421,600516,方大炭素,14:26:49,18.62,120300,18.68,卖盘
422,600516,方大炭素,14:26:46,18.68,265700,18.7,卖盘
423,600516,方大炭素,14:26:44,18.7,63423,18.7,卖盘
424,600516,方大炭素,14:26:41,18.7,447300,18.73,卖盘
425,600516,方大炭素,14:26:38,18.73,57900,18.72,买盘
426,600516,方大炭素,14:26:34,18.72,154500,18.73,中性盘
427,600516,方大炭素,14:26:31,18.73,266793,18.73,买盘
428,600516,方大炭素,14:26:29,18.73,171507,18.75,卖盘
429,600516,方大炭素,14:26:25,18.75,43000,18.77,卖盘
430,600516,方大炭素,14:26:22,18.77,95300,18.78,中性盘
431,600516,方大炭素,14:26:04,18.79,54200,18.8,中性盘
432,600516,方大炭素,14:26:01,18.8,194900,18.8,买盘
433,600516,方大炭素,14:25:53,18.8,114500,18.79,买盘
434,600516,方大炭素,14:25:46,18.8,108553,18.82,卖盘
435,600516,方大炭素,14:25:37,18.82,84200,18.83,买盘
436,600516,方大炭素,14:25:35,18.83,65400,18.85,中性盘
437,600516,方大炭素,14:25:31,18.85,70600,18.84,买盘
438,600516,方大炭素,14:25:29,18.84,73200,18.84,买盘
439,600516,方大炭素,14:25:26,18.84,127900,18.85,卖盘
440,600516,方大炭素,14:25:23,18.85,60100,18.86,卖盘
441,600516,方大炭素,14:25:19,18.86,63000,18.85,买盘
442,600516,方大炭素,14:25:13,18.85,75700,18.85,买盘
443,600516,方大炭素,14:25:11,18.85,86500,18.85,买盘
444,600516,方大炭素,14:25:08,18.85,88500,18.85,卖盘
445,600516,方大炭素,14:24:53,18.84,46600,18.82,买盘
446,600516,方大炭素,14:24:38,18.83,46100,18.81,买盘
447,600516,方大炭素,14:24:31,18.81,185747,18.81,买盘
448,600516,方大炭素,14:24:19,18.81,111147,18.8,买盘
449,600516,方大炭素,14:24:13,18.8,51920,18.82,卖盘
450,600516,方大炭素,14:24:10,18.82,90480,18.8,买盘
451,600516,方大炭素,14:24:04,18.81,59700,18.81,买盘
452,600516,方大炭素,14:24:01,18.81,154200,18.8,买盘
453,600516,方大炭素,14:23:59,18.8,74600,18.8,卖盘
454,600516,方大炭素,14:23:55,18.8,51200,18.8,卖盘
455,600516,方大炭素,14:23:49,18.8,83369,18.78,买盘
456,600516,方大炭素,14:23:46,18.78,129900,18.79,卖盘
457,600516,方大炭素,14:23:43,18.79,476204,18.77,买盘
458,600516,方大炭素,14:23:40,18.77,147700,18.77,买盘
459,600516,方大炭素,14:23:37,18.77,64000,18.79,卖盘
460,600516,方大炭素,14:23:34,18.79,90200,18.77,买盘
461,600516,方大炭素,14:23:32,18.77,66120,18.76,中性盘
462,600516,方大炭素,14:23:28,18.76,101700,18.77,卖盘
463,600516,方大炭素,14:23:25,18.77,176900,18.76,买盘
464,600516,方大炭素,14:23:22,18.76,234500,18.77,卖盘
465,600516,方大炭素,14:23:20,18.77,46800,18.76,买盘
466,600516,方大炭素,14:23:16,18.76,79800,18.77,卖盘
467,600516,方大炭素,14:23:13,18.77,42100,18.77,买盘
468,600516,方大炭素,14:23:11,18.77,249900,18.78,卖盘
469,600516,方大炭素,14:23:08,18.78,102600,18.78,买盘
470,600516,方大炭素,14:23:04,18.78,76800,18.78,买盘
471,600516,方大炭素,14:23:01,18.78,46600,18.79,中性盘
472,600516,方大炭素,14:22:58,18.79,101000,18.78,买盘
473,600516,方大炭素,14:22:55,18.78,76700,18.79,中性盘
474,600516,方大炭素,14:22:52,18.79,43600,18.79,买盘
475,600516,方大炭素,14:22:49,18.79,241120,18.78,买盘
476,600516,方大炭素,14:22:47,18.78,104200,18.81,卖盘
477,600516,方大炭素,14:22:44,18.81,228400,18.8,买盘
478,600516,方大炭素,14:22:40,18.8,204500,18.78,买盘
479,600516,方大炭素,14:22:37,18.78,134400,18.8,卖盘
480,600516,方大炭素,14:22:31,18.78,200500,18.78,卖盘
481,600516,方大炭素,14:22:28,18.78,107920,18.8,卖盘
482,600516,方大炭素,14:22:25,18.8,77800,18.75,中性盘
483,600516,方大炭素,14:22:22,18.75,182500,18.8,卖盘
484,600516,方大炭素,14:22:19,18.8,291284,18.75,买盘
485,600516,方大炭素,14:22:16,18.75,67700,18.76,卖盘
486,600516,方大炭素,14:22:13,18.76,168760,18.75,买盘
487,600516,方大炭素,14:22:10,18.75,65400,18.76,卖盘
488,600516,方大炭素,14:22:07,18.76,181777,18.8,卖盘
489,600516,方大炭素,14:22:04,18.8,237000,18.8,卖盘
490,600516,方大炭素,14:22:01,18.8,226883,18.78,买盘
491,600516,方大炭素,14:21:58,18.78,286500,18.75,买盘
492,600516,方大炭素,14:21:55,18.75,312400,18.8,卖盘
493,600516,方大炭素,14:21:52,18.8,201017,18.81,卖盘
494,600516,方大炭素,14:21:49,18.81,622300,18.81,卖盘
495,600516,方大炭素,14:21:46,18.81,203400,18.83,卖盘
496,600516,方大炭素,14:21:40,18.86,49600,18.83,买盘
497,600516,方大炭素,14:21:37,18.83,221600,18.88,卖盘
498,600516,方大炭素,14:21:34,18.88,42300,18.89,卖盘
499,600516,方大炭素,14:21:31,18.89,67200,18.89,买盘
500,600516,方大炭素,14:21:28,18.89,66500,18.89,买盘
501,600516,方大炭素,14:21:25,18.89,76500,18.9,中性盘
502,600516,方大炭素,14:21:16,18.89,68100,18.9,卖盘
503,600516,方大炭素,14:21:07,18.92,74200,18.9,中性盘
504,600516,方大炭素,14:21:04,18.9,67400,18.91,卖盘
505,600516,方大炭素,14:21:01,18.91,132200,18.94,卖盘
506,600516,方大炭素,14:20:55,18.93,82000,18.94,卖盘
507,600516,方大炭素,14:20:52,18.94,48800,18.94,卖盘
508,600516,方大炭素,14:20:42,18.95,102800,18.95,买盘
509,600516,方大炭素,14:20:25,18.94,105400,18.95,中性盘
510,600516,方大炭素,14:20:19,18.93,70400,18.97,卖盘
511,600516,方大炭素,14:20:04,18.97,72800,18.99,卖盘
512,600516,方大炭素,14:20:01,18.99,40400,18.98,买盘
513,600516,方大炭素,14:19:55,18.95,75200,18.99,卖盘
514,600516,方大炭素,14:19:30,18.96,166900,19.02,卖盘
515,600516,方大炭素,14:19:25,18.98,45200,18.99,卖盘
516,600516,方大炭素,14:19:22,18.99,58700,18.99,买盘
517,600516,方大炭素,14:19:01,18.95,78100,18.99,中性盘
518,600516,方大炭素,14:18:58,18.99,101100,18.94,买盘
519,600516,方大炭素,14:18:55,18.94,128400,19.0,卖盘
520,600516,方大炭素,14:18:46,19.0,89600,19.0,卖盘
521,600516,方大炭素,14:18:43,19.0,120560,18.94,买盘
522,600516,方大炭素,14:18:39,18.94,122100,18.95,卖盘
523,600516,方大炭素,14:18:37,18.95,46500,18.97,卖盘
524,600516,方大炭素,14:18:33,18.97,60700,18.97,买盘
525,600516,方大炭素,14:18:30,18.97,47300,18.97,卖盘
526,600516,方大炭素,14:18:21,18.97,113700,18.97,卖盘
527,600516,方大炭素,14:18:15,18.9,205200,18.9,卖盘
528,600516,方大炭素,14:18:12,18.9,60000,18.95,卖盘
529,600516,方大炭素,14:18:09,18.95,117620,18.91,中性盘
530,600516,方大炭素,14:18:06,18.91,91700,18.91,卖盘
531,600516,方大炭素,14:18:04,18.91,90600,18.9,中性盘
532,600516,方大炭素,14:17:57,18.87,80900,18.87,卖盘
533,600516,方大炭素,14:17:54,18.87,93700,18.9,卖盘
534,600516,方大炭素,14:17:51,18.9,98400,18.86,买盘
535,600516,方大炭素,14:17:48,18.86,223100,18.88,卖盘
536,600516,方大炭素,14:17:45,18.88,207900,18.87,中性盘
537,600516,方大炭素,14:17:42,18.87,139700,18.85,买盘
538,600516,方大炭素,14:17:39,18.85,444000,18.85,买盘
539,600516,方大炭素,14:17:36,18.85,193800,18.83,买盘
540,600516,方大炭素,14:17:33,18.83,168700,18.82,买盘
541,600516,方大炭素,14:17:30,18.82,196800,18.85,卖盘
542,600516,方大炭素,14:17:27,18.85,216200,18.83,买盘
543,600516,方大炭素,14:17:24,18.83,225800,18.85,卖盘
544,600516,方大炭素,14:17:21,18.85,70100,18.86,卖盘
545,600516,方大炭素,14:17:18,18.86,116400,18.86,买盘
546,600516,方大炭素,14:17:15,18.86,301300,18.85,买盘
547,600516,方大炭素,14:17:12,18.85,122363,18.86,卖盘
548,600516,方大炭素,14:17:09,18.86,67537,18.87,卖盘
549,600516,方大炭素,14:17:03,18.9,181600,18.88,买盘
550,600516,方大炭素,14:17:00,18.88,388600,18.95,卖盘
551,600516,方大炭素,14:16:57,18.95,101600,18.9,买盘
552,600516,方大炭素,14:16:54,18.9,295400,18.93,卖盘
553,600516,方大炭素,14:16:51,18.93,227300,18.96,中性盘
554,600516,方大炭素,14:16:45,18.97,49900,18.94,买盘
555,600516,方大炭素,14:16:42,18.94,158400,18.99,卖盘
556,600516,方大炭素,14:16:39,18.99,141600,18.99,买盘
557,600516,方大炭素,14:16:36,18.99,235340,19.0,卖盘
558,600516,方大炭素,14:16:33,19.0,564700,19.02,卖盘
559,600516,方大炭素,14:16:30,19.02,62700,19.03,中性盘
560,600516,方大炭素,14:16:27,19.03,79200,19.03,买盘
561,600516,方大炭素,14:16:24,19.03,82300,19.02,买盘
562,600516,方大炭素,14:16:15,19.03,45200,19.04,卖盘
563,600516,方大炭素,14:16:09,19.04,42380,19.05,卖盘
564,600516,方大炭素,14:16:00,19.08,71100,19.06,买盘
565,600516,方大炭素,14:15:46,19.05,102800,19.08,卖盘
566,600516,方大炭素,14:15:31,19.05,41200,19.08,卖盘
567,600516,方大炭素,14:15:22,19.08,66000,19.1,卖盘
568,600516,方大炭素,14:15:07,19.04,81700,19.05,卖盘
569,600516,方大炭素,14:15:01,19.05,45200,19.05,卖盘
570,600516,方大炭素,14:14:49,19.08,233900,19.02,买盘
571,600516,方大炭素,14:14:46,19.02,53100,19.04,卖盘
572,600516,方大炭素,14:14:25,19.0,112960,19.05,卖盘
573,600516,方大炭素,14:14:22,19.05,92200,19.01,买盘
574,600516,方大炭素,14:14:19,19.01,83500,19.01,卖盘
575,600516,方大炭素,14:14:16,19.01,51800,19.0,中性盘
576,600516,方大炭素,14:14:10,19.02,46000,19.0,买盘
577,600516,方大炭素,14:14:07,19.0,94900,19.0,买盘
578,600516,方大炭素,14:14:01,19.0,64600,19.0,买盘
579,600516,方大炭素,14:13:58,19.0,143700,19.03,卖盘
580,600516,方大炭素,14:13:55,19.03,98700,19.04,中性盘
581,600516,方大炭素,14:13:52,19.04,143200,19.03,买盘
582,600516,方大炭素,14:13:49,19.03,486500,19.03,买盘
583,600516,方大炭素,14:13:46,19.03,47600,19.05,中性盘
584,600516,方大炭素,14:13:37,19.05,131000,19.05,卖盘
585,600516,方大炭素,14:13:34,19.05,44600,19.08,卖盘
586,600516,方大炭素,14:13:28,19.08,47300,19.08,买盘
587,600516,方大炭素,14:13:25,19.08,71700,19.07,买盘
588,600516,方大炭素,14:13:22,19.07,52000,19.05,中性盘
589,600516,方大炭素,14:13:19,19.05,65900,19.05,卖盘
590,600516,方大炭素,14:13:16,19.05,69000,19.1,卖盘
591,600516,方大炭素,14:13:13,19.1,140800,19.1,买盘
592,600516,方大炭素,14:13:04,19.09,57400,19.08,买盘
593,600516,方大炭素,14:13:01,19.08,73200,19.1,卖盘
594,600516,方大炭素,14:12:58,19.1,68400,19.12,卖盘
595,600516,方大炭素,14:12:55,19.12,43700,19.06,买盘
596,600516,方大炭素,14:12:52,19.06,137500,19.1,卖盘
597,600516,方大炭素,14:12:46,19.08,147200,19.08,买盘
598,600516,方大炭素,14:12:43,19.08,51700,19.06,买盘
599,600516,方大炭素,14:12:40,19.06,84200,19.05,买盘
600,600516,方大炭素,14:12:37,19.05,60000,19.04,买盘
601,600516,方大炭素,14:12:34,19.04,153100,19.04,卖盘
602,600516,方大炭素,14:12:31,19.04,77107,19.01,买盘
603,600516,方大炭素,14:12:28,19.01,96000,19.01,买盘
604,600516,方大炭素,14:12:25,19.01,157400,19.01,买盘
605,600516,方大炭素,14:12:22,19.01,209000,19.0,买盘
606,600516,方大炭素,14:12:19,19.0,66000,18.98,买盘
607,600516,方大炭素,14:12:16,18.98,156653,19.03,卖盘
608,600516,方大炭素,14:12:13,19.03,162847,19.0,买盘
609,600516,方大炭素,14:12:10,19.0,403000,19.0,卖盘
610,600516,方大炭素,14:12:07,19.0,423463,18.97,买盘
611,600516,方大炭素,14:12:04,18.97,66800,19.0,中性盘
612,600516,方大炭素,14:12:01,19.0,294000,18.98,买盘
613,600516,方大炭素,14:11:55,18.98,1147400,19.03,卖盘
614,600516,方大炭素,14:11:52,19.03,136200,19.01,买盘
615,600516,方大炭素,14:11:49,19.01,166400,19.02,卖盘
616,600516,方大炭素,14:11:46,19.02,171253,19.03,卖盘
617,600516,方大炭素,14:11:43,19.03,158947,19.03,买盘
618,600516,方大炭素,14:11:40,19.03,109000,19.03,买盘
619,600516,方大炭素,14:11:37,19.03,234653,19.04,卖盘
620,600516,方大炭素,14:11:34,19.04,221700,19.03,中性盘
621,600516,方大炭素,14:11:31,19.03,356347,19.06,卖盘
622,600516,方大炭素,14:11:28,19.06,114500,19.04,买盘
623,600516,方大炭素,14:11:25,19.04,222700,19.03,买盘
624,600516,方大炭素,14:11:22,19.03,736253,19.06,卖盘
625,600516,方大炭素,14:11:19,19.06,93000,19.06,卖盘
626,600516,方大炭素,14:11:16,19.06,65600,19.07,卖盘
627,600516,方大炭素,14:11:13,19.07,100100,19.07,买盘
628,600516,方大炭素,14:11:10,19.07,107600,19.06,买盘
629,600516,方大炭素,14:10:58,19.07,82800,19.1,卖盘
630,600516,方大炭素,14:10:55,19.1,428400,19.15,卖盘
631,600516,方大炭素,14:10:52,19.15,66900,19.15,买盘
632,600516,方大炭素,14:10:49,19.15,55000,19.14,买盘
633,600516,方大炭素,14:10:46,19.14,119643,19.15,卖盘
634,600516,方大炭素,14:10:43,19.15,75300,19.17,卖盘
635,600516,方大炭素,14:10:37,19.17,62800,19.15,买盘
636,600516,方大炭素,14:10:34,19.15,61900,19.19,卖盘
637,600516,方大炭素,14:10:31,19.19,117800,19.18,买盘
638,600516,方大炭素,14:10:28,19.18,63200,19.18,买盘
639,600516,方大炭素,14:10:25,19.18,292660,19.2,卖盘
640,600516,方大炭素,14:10:22,19.2,68400,19.2,买盘
641,600516,方大炭素,14:10:19,19.2,83200,19.19,买盘
642,600516,方大炭素,14:10:16,19.19,75100,19.2,卖盘
643,600516,方大炭素,14:10:07,19.19,54740,19.2,卖盘
644,600516,方大炭素,14:10:04,19.2,70200,19.2,买盘
645,600516,方大炭素,14:10:01,19.2,167900,19.2,买盘
646,600516,方大炭素,14:09:58,19.2,74300,19.2,买盘
647,600516,方大炭素,14:09:55,19.2,92200,19.2,买盘
648,600516,方大炭素,14:09:52,19.2,132560,19.26,卖盘
649,600516,方大炭素,14:09:46,19.21,52580,19.22,卖盘
650,600516,方大炭素,14:09:37,19.21,46800,19.2,买盘
651,600516,方大炭素,14:09:31,19.2,130100,19.19,买盘
652,600516,方大炭素,14:09:28,19.19,212200,19.19,卖盘
653,600516,方大炭素,14:09:25,19.19,89900,19.18,买盘
654,600516,方大炭素,14:09:22,19.18,111200,19.17,卖盘
655,600516,方大炭素,14:09:13,19.18,56300,19.18,卖盘
656,600516,方大炭素,14:09:10,19.18,48037,19.17,买盘
657,600516,方大炭素,14:09:07,19.17,134500,19.15,中性盘
658,600516,方大炭素,14:09:04,19.15,129000,19.17,卖盘
659,600516,方大炭素,14:09:01,19.17,254620,19.15,中性盘
660,600516,方大炭素,14:08:58,19.15,1139500,19.15,卖盘
661,600516,方大炭素,14:08:55,19.15,233600,19.13,买盘
662,600516,方大炭素,14:08:52,19.13,114400,19.13,卖盘
663,600516,方大炭素,14:08:49,19.13,122900,19.15,卖盘
664,600516,方大炭素,14:08:43,19.14,44300,19.13,买盘
665,600516,方大炭素,14:08:40,19.13,161300,19.2,卖盘
666,600516,方大炭素,14:08:37,19.2,114900,19.2,买盘
667,600516,方大炭素,14:08:34,19.2,391935,19.2,卖盘
668,600516,方大炭素,14:08:31,19.2,131200,19.21,卖盘
669,600516,方大炭素,14:08:28,19.21,663500,19.21,卖盘
670,600516,方大炭素,14:08:25,19.21,94000,19.21,买盘
671,600516,方大炭素,14:08:22,19.21,267800,19.28,卖盘
672,600516,方大炭素,14:08:19,19.28,118300,19.27,买盘
673,600516,方大炭素,14:08:16,19.27,334300,19.21,中性盘
674,600516,方大炭素,14:08:13,19.21,138000,19.29,卖盘
675,600516,方大炭素,14:08:10,19.29,118400,19.3,中性盘
676,600516,方大炭素,14:08:07,19.3,97800,19.3,买盘
677,600516,方大炭素,14:08:04,19.3,76500,19.3,买盘
678,600516,方大炭素,14:08:01,19.3,226600,19.32,卖盘
679,600516,方大炭素,14:07:46,19.3,87600,19.39,卖盘
680,600516,方大炭素,14:07:43,19.39,57600,19.44,卖盘
681,600516,方大炭素,14:07:34,19.45,708200,19.43,卖盘
682,600516,方大炭素,14:07:31,19.43,57900,19.43,卖盘
683,600516,方大炭素,14:07:25,19.45,44500,19.45,买盘
684,600516,方大炭素,14:06:46,19.46,42100,19.46,卖盘
685,600516,方大炭素,14:06:34,19.46,49000,19.47,买盘
686,600516,方大炭素,14:06:28,19.47,130000,19.45,买盘
687,600516,方大炭素,14:06:13,19.47,129600,19.47,买盘
688,600516,方大炭素,14:06:05,19.45,92600,19.42,买盘
689,600516,方大炭素,14:05:40,19.41,77800,19.41,买盘
690,600516,方大炭素,14:05:22,19.39,239800,19.42,卖盘
691,600516,方大炭素,14:05:19,19.42,65600,19.47,卖盘
692,600516,方大炭素,14:05:13,19.47,58900,19.42,买盘
693,600516,方大炭素,14:05:01,19.48,912500,19.48,买盘
694,600516,方大炭素,14:04:58,19.48,124365,19.4,买盘
695,600516,方大炭素,14:04:49,19.4,259535,19.52,卖盘
696,600516,方大炭素,14:04:40,19.52,41000,19.52,买盘
697,600516,方大炭素,14:04:37,19.52,160145,19.53,卖盘
698,600516,方大炭素,14:04:34,19.53,45200,19.54,中性盘
699,600516,方大炭素,14:04:19,19.54,47200,19.52,买盘
700,600516,方大炭素,14:03:49,19.49,46300,19.49,卖盘
701,600516,方大炭素,14:03:46,19.49,65700,19.48,买盘
702,600516,方大炭素,14:03:12,19.4,358060,19.41,卖盘
703,600516,方大炭素,14:03:01,19.36,75000,19.36,卖盘
704,600516,方大炭素,14:02:52,19.36,92200,19.36,卖盘
705,600516,方大炭素,14:02:43,19.33,251900,19.34,卖盘
706,600516,方大炭素,14:02:40,19.34,393200,19.3,买盘
707,600516,方大炭素,14:02:37,19.3,81900,19.3,卖盘
708,600516,方大炭素,14:02:33,19.3,70700,19.3,买盘
709,600516,方大炭素,14:02:31,19.3,131900,19.3,买盘
710,600516,方大炭素,14:02:28,19.3,63800,19.3,买盘
711,600516,方大炭素,14:02:25,19.3,174200,19.34,卖盘
712,600516,方大炭素,14:02:22,19.34,64200,19.34,卖盘
713,600516,方大炭素,14:02:16,19.34,60800,19.35,卖盘
714,600516,方大炭素,14:02:13,19.35,55200,19.34,买盘
715,600516,方大炭素,14:02:10,19.34,787200,19.33,买盘
716,600516,方大炭素,14:02:07,19.33,40000,19.34,中性盘
717,600516,方大炭素,14:02:04,19.34,43200,19.33,买盘
718,600516,方大炭素,14:02:01,19.33,80700,19.36,卖盘
719,600516,方大炭素,14:01:58,19.36,46100,19.35,买盘
720,600516,方大炭素,14:01:55,19.35,85100,19.35,买盘
721,600516,方大炭素,14:01:49,19.35,404700,19.39,卖盘
722,600516,方大炭素,14:01:43,19.39,69700,19.4,卖盘
723,600516,方大炭素,14:01:31,19.4,196400,19.45,卖盘
724,600516,方大炭素,14:01:25,19.46,42400,19.46,买盘
725,600516,方大炭素,14:01:21,19.46,47800,19.48,卖盘
726,600516,方大炭素,14:01:13,19.47,59900,19.48,卖盘
727,600516,方大炭素,14:00:55,19.5,209300,19.5,卖盘
728,600516,方大炭素,14:00:30,19.49,85300,19.5,卖盘
729,600516,方大炭素,14:00:24,19.5,44600,19.5,买盘
730,600516,方大炭素,14:00:06,19.47,42000,19.52,卖盘
731,600516,方大炭素,14:00:00,19.49,152600,19.5,中性盘
732,600516,方大炭素,13:59:42,19.57,438124,19.55,买盘
733,600516,方大炭素,13:59:15,19.5,62880,19.5,买盘
734,600516,方大炭素,13:59:06,19.47,41400,19.46,中性盘
735,600516,方大炭素,13:59:00,19.45,148401,19.42,买盘
736,600516,方大炭素,13:58:57,19.42,121500,19.4,中性盘
737,600516,方大炭素,13:58:54,19.4,72100,19.41,卖盘
738,600516,方大炭素,13:58:50,19.41,87300,19.4,买盘
739,600516,方大炭素,13:58:48,19.4,109501,19.38,买盘
740,600516,方大炭素,13:58:45,19.38,48200,19.38,卖盘
741,600516,方大炭素,13:58:42,19.38,47300,19.4,买盘
742,600516,方大炭素,13:58:39,19.4,295500,19.4,买盘
743,600516,方大炭素,13:58:36,19.4,68300,19.4,买盘
744,600516,方大炭素,13:58:33,19.4,151200,19.4,卖盘
745,600516,方大炭素,13:58:30,19.4,215100,19.41,卖盘
746,600516,方大炭素,13:58:21,19.45,346000,19.5,卖盘
747,600516,方大炭素,13:58:18,19.5,82300,19.51,卖盘
748,600516,方大炭素,13:58:12,19.51,161600,19.54,卖盘
749,600516,方大炭素,13:58:09,19.54,380800,19.55,卖盘
750,600516,方大炭素,13:58:06,19.55,46400,19.54,买盘
751,600516,方大炭素,13:57:58,19.54,69100,19.55,卖盘
752,600516,方大炭素,13:57:55,19.55,48100,19.56,卖盘
753,600516,方大炭素,13:57:52,19.56,55600,19.56,买盘
754,600516,方大炭素,13:57:49,19.56,53700,19.55,中性盘
755,600516,方大炭素,13:57:46,19.55,122000,19.56,卖盘
756,600516,方大炭素,13:57:37,19.56,106700,19.55,买盘
757,600516,方大炭素,13:57:22,19.5,53700,19.51,卖盘
758,600516,方大炭素,13:57:19,19.51,153700,19.45,买盘
759,600516,方大炭素,13:57:16,19.45,71400,19.47,卖盘
760,600516,方大炭素,13:57:10,19.4,170900,19.4,卖盘
761,600516,方大炭素,13:57:07,19.4,53100,19.4,卖盘
762,600516,方大炭素,13:57:01,19.4,266903,19.35,买盘
763,600516,方大炭素,13:56:58,19.35,56700,19.35,卖盘
764,600516,方大炭素,13:56:55,19.35,78900,19.32,买盘
765,600516,方大炭素,13:56:52,19.32,253720,19.33,卖盘
766,600516,方大炭素,13:56:49,19.33,315545,19.31,买盘
767,600516,方大炭素,13:56:46,19.31,191200,19.3,中性盘
768,600516,方大炭素,13:56:43,19.3,52600,19.33,卖盘
769,600516,方大炭素,13:56:40,19.33,132100,19.3,买盘
770,600516,方大炭素,13:56:37,19.3,65200,19.3,买盘
771,600516,方大炭素,13:56:34,19.3,578100,19.36,卖盘
772,600516,方大炭素,13:56:31,19.36,106700,19.38,中性盘
773,600516,方大炭素,13:56:28,19.38,111500,19.37,买盘
774,600516,方大炭素,13:56:25,19.37,54700,19.38,卖盘
775,600516,方大炭素,13:56:22,19.38,69100,19.39,卖盘
776,600516,方大炭素,13:56:19,19.39,73800,19.4,中性盘
777,600516,方大炭素,13:56:16,19.4,86700,19.4,买盘
778,600516,方大炭素,13:56:13,19.4,140600,19.41,卖盘
779,600516,方大炭素,13:56:10,19.41,71700,19.45,卖盘
780,600516,方大炭素,13:56:07,19.45,96400,19.45,买盘
781,600516,方大炭素,13:56:04,19.45,208800,19.45,买盘
782,600516,方大炭素,13:56:01,19.45,71500,19.48,卖盘
783,600516,方大炭素,13:55:58,19.48,49800,19.48,买盘
784,600516,方大炭素,13:55:55,19.48,227700,19.5,卖盘
785,600516,方大炭素,13:55:52,19.5,167700,19.5,买盘
786,600516,方大炭素,13:55:49,19.5,390100,19.52,卖盘
787,600516,方大炭素,13:55:40,19.54,183100,19.54,买盘
788,600516,方大炭素,13:55:34,19.52,181100,19.54,卖盘
789,600516,方大炭素,13:55:31,19.54,61000,19.54,买盘
790,600516,方大炭素,13:55:22,19.54,349700,19.55,卖盘
791,600516,方大炭素,13:55:16,19.54,283500,19.56,卖盘
792,600516,方大炭素,13:55:13,19.56,167000,19.58,卖盘
793,600516,方大炭素,13:55:10,19.58,53000,19.58,买盘
794,600516,方大炭素,13:55:01,19.56,117000,19.59,卖盘
795,600516,方大炭素,13:54:58,19.59,65100,19.59,买盘
796,600516,方大炭素,13:54:52,19.59,390000,19.62,卖盘
797,600516,方大炭素,13:54:46,19.62,78800,19.68,卖盘
798,600516,方大炭素,13:54:31,19.69,64751,19.69,买盘
799,600516,方大炭素,13:54:28,19.69,45400,19.69,买盘
800,600516,方大炭素,13:54:25,19.69,131400,19.7,卖盘
801,600516,方大炭素,13:54:16,19.7,71900,19.7,买盘
802,600516,方大炭素,13:54:13,19.7,69500,19.73,卖盘
803,600516,方大炭素,13:54:10,19.73,116700,19.75,卖盘
804,600516,方大炭素,13:54:07,19.75,99500,19.73,买盘
805,600516,方大炭素,13:54:01,19.72,72400,19.73,卖盘
806,600516,方大炭素,13:53:58,19.73,76300,19.73,买盘
807,600516,方大炭素,13:53:55,19.73,107300,19.7,买盘
808,600516,方大炭素,13:53:49,19.71,78900,19.7,中性盘
809,600516,方大炭素,13:53:46,19.7,109000,19.7,卖盘
810,600516,方大炭素,13:53:43,19.7,97500,19.69,买盘
811,600516,方大炭素,13:53:34,19.66,44400,19.66,卖盘
812,600516,方大炭素,13:53:31,19.66,96400,19.7,卖盘
813,600516,方大炭素,13:53:28,19.7,392300,19.65,买盘
814,600516,方大炭素,13:53:25,19.65,53700,19.65,买盘
815,600516,方大炭素,13:53:19,19.65,136500,19.65,买盘
816,600516,方大炭素,13:53:16,19.65,40300,19.65,买盘
817,600516,方大炭素,13:53:04,19.6,46600,19.6,卖盘
818,600516,方大炭素,13:53:01,19.6,127400,19.6,买盘
819,600516,方大炭素,13:52:58,19.6,45700,19.59,买盘
820,600516,方大炭素,13:52:46,19.58,57100,19.58,卖盘
821,600516,方大炭素,13:52:40,19.55,46300,19.56,卖盘
822,600516,方大炭素,13:52:34,19.55,53500,19.54,中性盘
823,600516,方大炭素,13:52:31,19.54,221100,19.54,卖盘
824,600516,方大炭素,13:52:22,19.55,72100,19.52,买盘
825,600516,方大炭素,13:52:19,19.52,229100,19.49,买盘
826,600516,方大炭素,13:52:16,19.49,565900,19.52,卖盘
827,600516,方大炭素,13:52:13,19.52,135300,19.52,卖盘
828,600516,方大炭素,13:52:10,19.52,84000,19.55,卖盘
829,600516,方大炭素,13:52:07,19.55,81200,19.53,买盘
830,600516,方大炭素,13:52:04,19.53,66400,19.58,卖盘
831,600516,方大炭素,13:51:58,19.56,62800,19.58,中性盘
832,600516,方大炭素,13:51:55,19.58,62000,19.6,卖盘
833,600516,方大炭素,13:51:52,19.6,62700,19.6,买盘
834,600516,方大炭素,13:51:49,19.6,118900,19.6,卖盘
835,600516,方大炭素,13:51:46,19.6,99700,19.6,卖盘
836,600516,方大炭素,13:51:43,19.6,246149,19.61,卖盘
837,600516,方大炭素,13:51:37,19.66,66800,19.68,中性盘
838,600516,方大炭素,13:51:34,19.68,498751,19.68,买盘
839,600516,方大炭素,13:51:31,19.68,195930,19.69,卖盘
840,600516,方大炭素,13:51:25,19.69,46800,19.69,买盘
841,600516,方大炭素,13:51:22,19.69,150188,19.71,卖盘
842,600516,方大炭素,13:51:19,19.71,42580,19.7,买盘
843,600516,方大炭素,13:51:13,19.7,176020,19.72,卖盘
844,600516,方大炭素,13:51:07,19.73,42700,19.75,卖盘
845,600516,方大炭素,13:51:04,19.75,67200,19.74,买盘
846,600516,方大炭素,13:50:43,19.71,361920,19.74,卖盘
847,600516,方大炭素,13:50:37,19.73,47500,19.72,卖盘
848,600516,方大炭素,13:50:25,19.71,55800,19.71,卖盘
849,600516,方大炭素,13:50:16,19.72,62080,19.7,买盘
850,600516,方大炭素,13:50:13,19.7,48700,19.7,买盘
851,600516,方大炭素,13:50:10,19.7,96020,19.7,卖盘
852,600516,方大炭素,13:50:04,19.7,108900,19.7,卖盘
853,600516,方大炭素,13:50:01,19.7,204780,19.7,买盘
854,600516,方大炭素,13:49:55,19.7,315920,19.75,卖盘
855,600516,方大炭素,13:49:46,19.75,73700,19.76,卖盘
856,600516,方大炭素,13:49:43,19.76,73700,19.75,卖盘
857,600516,方大炭素,13:49:40,19.75,56700,19.77,卖盘
858,600516,方大炭素,13:49:34,19.79,157600,19.75,买盘
859,600516,方大炭素,13:49:25,19.75,55600,19.72,买盘
860,600516,方大炭素,13:49:22,19.72,42000,19.77,卖盘
861,600516,方大炭素,13:49:19,19.77,67200,19.77,买盘
862,600516,方大炭素,13:49:13,19.75,174080,19.72,买盘
863,600516,方大炭素,13:49:10,19.72,465700,19.71,中性盘
864,600516,方大炭素,13:49:07,19.71,117400,19.74,卖盘
865,600516,方大炭素,13:49:01,19.72,103000,19.75,卖盘
866,600516,方大炭素,13:48:55,19.75,62000,19.78,中性盘
867,600516,方大炭素,13:48:40,19.79,413300,19.79,卖盘
868,600516,方大炭素,13:48:28,19.8,678300,19.8,卖盘
869,600516,方大炭素,13:48:25,19.8,64300,19.8,卖盘
870,600516,方大炭素,13:48:19,19.79,52000,19.8,卖盘
871,600516,方大炭素,13:48:16,19.8,111700,19.8,买盘
872,600516,方大炭素,13:48:13,19.8,144800,19.79,买盘
873,600516,方大炭素,13:48:10,19.79,42700,19.8,卖盘
874,600516,方大炭素,13:48:04,19.8,88500,19.79,买盘
875,600516,方大炭素,13:48:01,19.79,652400,19.8,卖盘
876,600516,方大炭素,13:47:58,19.8,105300,19.8,买盘
877,600516,方大炭素,13:47:52,19.78,106400,19.79,卖盘
878,600516,方大炭素,13:47:49,19.79,80100,19.8,卖盘
879,600516,方大炭素,13:47:43,19.8,52648,19.8,卖盘
880,600516,方大炭素,13:47:37,19.87,529600,19.86,中性盘
881,600516,方大炭素,13:47:34,19.86,42700,19.87,卖盘
882,600516,方大炭素,13:47:28,19.88,48100,19.88,卖盘
883,600516,方大炭素,13:47:25,19.88,45600,19.88,卖盘
884,600516,方大炭素,13:47:04,19.9,78800,19.91,卖盘
885,600516,方大炭素,13:46:01,19.89,64800,19.88,中性盘
886,600516,方大炭素,13:45:40,19.9,49300,19.88,买盘
887,600516,方大炭素,13:45:01,19.9,93600,19.9,买盘
888,600516,方大炭素,13:44:55,19.9,253900,19.93,卖盘
889,600516,方大炭素,13:44:24,19.95,51900,19.96,卖盘
890,600516,方大炭素,13:43:36,19.98,101600,19.98,买盘
891,600516,方大炭素,13:38:58,20.02,101600,20.01,买盘
892,600516,方大炭素,13:38:40,19.99,43000,19.99,卖盘
893,600516,方大炭素,13:37:46,19.98,117700,19.96,买盘
894,600516,方大炭素,13:36:52,19.92,52000,19.93,卖盘
895,600516,方大炭素,13:36:43,19.92,43200,19.92,卖盘
896,600516,方大炭素,13:36:40,19.92,93700,19.91,买盘
897,600516,方大炭素,13:35:55,19.94,263500,19.93,中性盘
898,600516,方大炭素,13:35:19,19.92,51400,19.93,中性盘
899,600516,方大炭素,13:34:49,19.95,73900,19.93,买盘
900,600516,方大炭素,13:34:43,19.91,43400,19.92,卖盘
901,600516,方大炭素,13:34:31,19.91,272000,19.93,卖盘
902,600516,方大炭素,13:34:28,19.93,220100,19.93,卖盘
903,600516,方大炭素,13:34:19,19.91,44300,19.92,卖盘
904,600516,方大炭素,13:33:46,19.93,138500,19.92,买盘
905,600516,方大炭素,13:33:04,19.94,114700,19.93,买盘
906,600516,方大炭素,13:32:55,19.9,390056,19.94,卖盘
907,600516,方大炭素,13:32:43,19.92,48200,19.96,卖盘
908,600516,方大炭素,13:32:34,19.93,42500,19.95,卖盘
909,600516,方大炭素,13:30:43,20.03,42000,20.03,买盘
910,600516,方大炭素,13:29:34,20.0,50500,19.98,买盘
911,600516,方大炭素,13:29:01,19.99,57800,19.97,买盘
912,600516,方大炭素,13:27:28,19.98,103700,20.0,卖盘
913,600516,方大炭素,13:27:16,20.0,104296,20.03,卖盘
914,600516,方大炭素,13:25:34,20.02,43804,20.02,买盘
915,600516,方大炭素,13:25:22,20.02,41896,20.08,卖盘
916,600516,方大炭素,13:25:13,20.09,120600,20.05,买盘
917,600516,方大炭素,13:23:57,20.03,48820,20.0,买盘
918,600516,方大炭素,13:23:51,20.0,48100,20.0,卖盘
919,600516,方大炭素,13:23:45,20.0,66480,19.98,买盘
920,600516,方大炭素,13:23:21,19.98,47000,19.98,卖盘
921,600516,方大炭素,13:22:48,19.95,50000,19.98,卖盘
922,600516,方大炭素,13:22:06,19.93,45700,19.93,买盘
923,600516,方大炭素,13:21:16,19.9,120300,19.92,卖盘
924,600516,方大炭素,13:21:01,19.9,65000,19.91,卖盘
925,600516,方大炭素,13:20:43,19.91,44600,19.9,买盘
926,600516,方大炭素,13:20:19,19.9,61595,19.89,买盘
927,600516,方大炭素,13:20:01,19.9,92000,19.88,买盘
928,600516,方大炭素,13:19:49,19.9,47400,19.9,卖盘
929,600516,方大炭素,13:19:34,19.91,107600,19.92,卖盘
930,600516,方大炭素,13:18:58,19.95,53300,19.95,买盘
931,600516,方大炭素,13:17:22,19.88,58300,19.9,卖盘
932,600516,方大炭素,13:17:04,19.82,206400,19.87,卖盘
933,600516,方大炭素,13:16:58,19.86,75200,19.88,卖盘
934,600516,方大炭素,13:16:46,19.87,55800,19.87,买盘
935,600516,方大炭素,13:16:22,19.86,110040,19.85,买盘
936,600516,方大炭素,13:16:16,19.85,53500,19.85,买盘
937,600516,方大炭素,13:16:10,19.87,58600,19.86,买盘
938,600516,方大炭素,13:16:01,19.86,144700,19.86,买盘
939,600516,方大炭素,13:15:34,19.88,49388,19.91,卖盘
940,600516,方大炭素,13:15:16,19.93,110400,19.94,卖盘
941,600516,方大炭素,13:15:07,19.93,47000,19.95,卖盘
942,600516,方大炭素,13:13:43,19.98,105300,19.98,卖盘
943,600516,方大炭素,13:12:37,20.0,43900,20.0,买盘
944,600516,方大炭素,13:11:49,19.99,96000,19.97,买盘
945,600516,方大炭素,13:11:22,19.94,51800,19.93,买盘
946,600516,方大炭素,13:11:01,19.91,51900,19.91,卖盘
947,600516,方大炭素,13:10:31,19.9,44200,19.9,卖盘
948,600516,方大炭素,13:10:25,19.89,43100,19.9,卖盘
949,600516,方大炭素,13:10:16,19.9,45200,19.89,买盘
950,600516,方大炭素,13:10:10,19.9,91800,19.9,买盘
951,600516,方大炭素,13:10:04,19.89,66200,19.89,卖盘
952,600516,方大炭素,13:09:46,19.91,41200,19.9,买盘
953,600516,方大炭素,13:09:34,19.91,206200,19.93,卖盘
954,600516,方大炭素,13:09:10,19.97,207900,19.97,卖盘
955,600516,方大炭素,13:08:55,19.97,56400,19.97,卖盘
956,600516,方大炭素,13:08:46,19.98,73900,20.0,卖盘
957,600516,方大炭素,13:08:33,20.0,54400,20.01,卖盘
958,600516,方大炭素,13:08:12,20.02,89812,20.01,买盘
959,600516,方大炭素,13:08:01,20.02,92500,20.05,卖盘
960,600516,方大炭素,13:06:48,20.06,41900,20.03,买盘
961,600516,方大炭素,13:05:06,20.04,41400,20.04,卖盘
962,600516,方大炭素,13:03:51,20.06,42800,20.06,卖盘
963,600516,方大炭素,13:00:04,20.1,167581,20.07,买盘
964,600516,方大炭素,13:00:01,20.07,111700,20.06,买盘
965,600516,方大炭素,11:29:55,20.03,49900,20.04,卖盘
966,600516,方大炭素,11:29:07,20.01,41420,20.01,买盘
967,600516,方大炭素,11:28:46,20.0,42700,20.0,买盘
968,600516,方大炭素,11:28:43,20.0,88800,20.0,卖盘
969,600516,方大炭素,11:28:19,20.01,46100,20.0,买盘
970,600516,方大炭素,11:27:13,20.02,58000,20.02,卖盘
971,600516,方大炭素,11:27:10,20.02,46100,20.02,卖盘
972,600516,方大炭素,11:26:13,20.01,41400,20.0,中性盘
973,600516,方大炭素,11:26:10,20.0,55600,20.0,买盘
974,600516,方大炭素,11:26:04,20.0,46900,20.02,卖盘
975,600516,方大炭素,11:26:01,20.02,43000,20.02,买盘
976,600516,方大炭素,11:25:58,20.02,57000,20.02,买盘
977,600516,方大炭素,11:25:15,20.11,458700,20.1,买盘
978,600516,方大炭素,11:25:10,20.11,62700,20.11,买盘
979,600516,方大炭素,11:25:07,20.11,51900,20.11,卖盘
980,600516,方大炭素,11:24:19,20.15,44700,20.16,卖盘
981,600516,方大炭素,11:22:13,20.08,63000,20.08,买盘
982,600516,方大炭素,11:20:51,20.01,101000,20.05,卖盘
983,600516,方大炭素,11:20:22,20.1,131000,20.1,买盘
984,600516,方大炭素,11:20:16,20.1,70000,20.12,卖盘
985,600516,方大炭素,11:20:10,20.12,101000,20.12,卖盘
986,600516,方大炭素,11:18:49,20.19,46800,20.18,买盘
987,600516,方大炭素,11:17:58,20.23,55400,20.22,买盘
988,600516,方大炭素,11:17:49,20.22,44500,20.21,买盘
989,600516,方大炭素,11:17:40,20.23,50700,20.23,买盘
990,600516,方大炭素,11:17:27,20.23,40100,20.21,买盘
991,600516,方大炭素,11:17:21,20.22,98420,20.19,买盘
992,600516,方大炭素,11:17:18,20.19,128780,20.22,卖盘
993,600516,方大炭素,11:17:15,20.22,70020,20.2,买盘
994,600516,方大炭素,11:17:06,20.2,104300,20.2,买盘
995,600516,方大炭素,11:16:09,20.18,42300,20.19,中性盘
996,600516,方大炭素,11:16:06,20.19,40400,20.19,买盘
997,600516,方大炭素,11:14:15,20.19,106700,20.18,买盘
998,600516,方大炭素,11:14:12,20.18,72300,20.19,卖盘
999,600516,方大炭素,11:13:54,20.2,49700,20.2,买盘
1000,600516,方大炭素,11:13:06,20.17,231800,20.14,买盘
1001,600516,方大炭素,11:13:00,20.15,56800,20.16,卖盘
1002,600516,方大炭素,11:12:39,20.14,46100,20.15,卖盘
1003,600516,方大炭素,11:12:21,20.13,58900,20.13,买盘
1004,600516,方大炭素,11:11:51,20.09,41200,20.1,卖盘
1005,600516,方大炭素,11:11:48,20.1,44900,20.09,买盘
1006,600516,方大炭素,11:10:39,20.06,40900,20.09,买盘
1007,600516,方大炭素,11:09:28,20.11,50700,20.14,卖盘
1008,600516,方大炭素,11:09:13,20.14,96500,20.14,卖盘
1009,600516,方大炭素,11:07:49,20.1,58100,20.09,买盘
1010,600516,方大炭素,11:07:40,20.1,50200,20.1,卖盘
1011,600516,方大炭素,11:06:46,20.18,161751,20.19,卖盘
1012,600516,方大炭素,11:06:43,20.19,94100,20.2,卖盘
1013,600516,方大炭素,11:06:36,20.2,81900,20.21,卖盘
1014,600516,方大炭素,11:06:34,20.21,49800,20.22,卖盘
1015,600516,方大炭素,11:06:28,20.22,62100,20.22,卖盘
1016,600516,方大炭素,11:06:25,20.22,112400,20.22,买盘
1017,600516,方大炭素,11:06:22,20.22,52200,20.22,买盘
1018,600516,方大炭素,11:06:12,20.22,46300,20.2,买盘
1019,600516,方大炭素,11:06:04,20.2,80500,20.18,买盘
1020,600516,方大炭素,11:05:58,20.18,210049,20.15,买盘
1021,600516,方大炭素,11:05:48,20.14,59300,20.14,卖盘
1022,600516,方大炭素,11:05:45,20.14,101400,20.14,卖盘
1023,600516,方大炭素,11:05:31,20.13,61600,20.14,卖盘
1024,600516,方大炭素,11:04:46,20.1,96920,20.15,卖盘
1025,600516,方大炭素,11:04:37,20.17,119100,20.16,买盘
1026,600516,方大炭素,11:04:22,20.18,140351,20.2,卖盘
1027,600516,方大炭素,11:04:18,20.2,125000,20.2,买盘
1028,600516,方大炭素,11:04:07,20.24,99300,20.2,买盘
1029,600516,方大炭素,11:04:04,20.2,72600,20.23,卖盘
1030,600516,方大炭素,11:04:01,20.23,282149,20.19,买盘
1031,600516,方大炭素,11:03:58,20.19,194891,20.2,卖盘
1032,600516,方大炭素,11:03:55,20.2,58209,20.19,买盘
1033,600516,方大炭素,11:03:49,20.2,139209,20.19,买盘
1034,600516,方大炭素,11:03:43,20.19,210200,20.15,买盘
1035,600516,方大炭素,11:03:34,20.13,60380,20.11,买盘
1036,600516,方大炭素,11:03:25,20.1,199200,20.09,买盘
1037,600516,方大炭素,11:03:19,20.09,145251,20.07,买盘
1038,600516,方大炭素,11:02:48,20.03,257000,20.03,买盘
1039,600516,方大炭素,11:00:40,20.03,47800,20.03,卖盘
1040,600516,方大炭素,10:59:31,20.0,68100,19.98,买盘
1041,600516,方大炭素,10:59:25,19.99,49800,19.98,买盘
1042,600516,方大炭素,10:59:16,19.97,96300,19.96,买盘
1043,600516,方大炭素,10:55:58,19.95,58000,19.95,买盘
1044,600516,方大炭素,10:55:36,19.98,57500,19.99,卖盘
1045,600516,方大炭素,10:54:27,20.01,51400,20.0,买盘
1046,600516,方大炭素,10:52:18,19.95,94500,19.94,买盘
1047,600516,方大炭素,10:50:51,19.87,85000,19.88,卖盘
1048,600516,方大炭素,10:49:54,19.88,62861,19.85,买盘
1049,600516,方大炭素,10:49:48,19.85,216439,19.89,卖盘
1050,600516,方大炭素,10:49:24,19.9,56630,19.91,卖盘
1051,600516,方大炭素,10:48:57,19.9,51600,19.94,卖盘
1052,600516,方大炭素,10:48:38,19.95,56900,19.98,卖盘
1053,600516,方大炭素,10:48:29,19.96,84440,19.97,卖盘
1054,600516,方大炭素,10:48:24,19.97,44860,19.98,卖盘
1055,600516,方大炭素,10:48:14,19.99,75700,20.01,卖盘
1056,600516,方大炭素,10:48:09,20.01,41300,19.99,买盘
1057,600516,方大炭素,10:48:03,19.98,55500,20.02,卖盘
1058,600516,方大炭素,10:47:59,20.02,87100,20.0,买盘
1059,600516,方大炭素,10:47:45,20.01,52100,20.01,买盘
1060,600516,方大炭素,10:47:34,20.02,158600,20.01,中性盘
1061,600516,方大炭素,10:47:25,20.01,52500,20.02,买盘
1062,600516,方大炭素,10:47:21,20.02,51500,20.01,买盘
1063,600516,方大炭素,10:47:13,20.0,55800,20.02,卖盘
1064,600516,方大炭素,10:47:06,19.99,48200,20.0,卖盘
1065,600516,方大炭素,10:47:01,20.0,50800,19.99,买盘
1066,600516,方大炭素,10:46:18,19.97,47500,19.98,卖盘
1067,600516,方大炭素,10:46:10,19.98,54700,19.98,买盘
1068,600516,方大炭素,10:46:00,19.98,52800,19.95,买盘
1069,600516,方大炭素,10:45:40,19.95,132100,20.0,卖盘
1070,600516,方大炭素,10:45:31,20.03,145845,20.04,卖盘
1071,600516,方大炭素,10:45:28,20.04,50700,20.04,买盘
1072,600516,方大炭素,10:45:10,20.02,62800,20.02,买盘
1073,600516,方大炭素,10:44:49,19.97,636500,19.95,买盘
1074,600516,方大炭素,10:44:46,19.95,171300,19.93,买盘
1075,600516,方大炭素,10:44:43,19.93,111900,19.93,卖盘
1076,600516,方大炭素,10:44:39,19.93,67700,19.94,卖盘
1077,600516,方大炭素,10:44:33,19.93,55700,19.94,卖盘
1078,600516,方大炭素,10:44:04,19.93,52600,19.91,买盘
1079,600516,方大炭素,10:43:54,19.9,54630,19.92,卖盘
1080,600516,方大炭素,10:43:49,19.93,46800,19.91,买盘
1081,600516,方大炭素,10:42:10,19.9,85900,19.9,卖盘
1082,600516,方大炭素,10:41:13,19.88,60300,19.91,卖盘
1083,600516,方大炭素,10:40:49,19.93,416800,19.94,买盘
1084,600516,方大炭素,10:40:40,19.92,52900,19.92,卖盘
1085,600516,方大炭素,10:40:31,19.95,66000,19.92,买盘
1086,600516,方大炭素,10:40:25,19.92,86945,19.98,卖盘
1087,600516,方大炭素,10:40:07,19.98,62300,19.98,卖盘
1088,600516,方大炭素,10:39:58,19.98,116200,19.94,买盘
1089,600516,方大炭素,10:39:09,19.92,51040,19.91,买盘
1090,600516,方大炭素,10:38:52,19.92,71300,19.89,买盘
1091,600516,方大炭素,10:38:34,19.9,65661,19.88,买盘
1092,600516,方大炭素,10:37:19,19.88,40500,19.88,买盘
1093,600516,方大炭素,10:35:57,19.8,59500,19.8,买盘
1094,600516,方大炭素,10:35:46,19.8,86500,19.8,卖盘
1095,600516,方大炭素,10:35:06,19.79,80600,19.81,卖盘
1096,600516,方大炭素,10:34:51,19.81,87200,19.81,卖盘
1097,600516,方大炭素,10:34:27,19.81,119700,19.81,卖盘
1098,600516,方大炭素,10:34:16,19.83,52000,19.8,买盘
1099,600516,方大炭素,10:34:00,19.8,135100,19.85,卖盘
1100,600516,方大炭素,10:33:39,19.81,48100,19.8,买盘
1101,600516,方大炭素,10:33:34,19.8,162800,19.85,卖盘
1102,600516,方大炭素,10:33:27,19.82,102200,19.85,卖盘
1103,600516,方大炭素,10:33:03,19.88,41300,19.9,卖盘
1104,600516,方大炭素,10:32:54,19.9,47619,19.9,卖盘
1105,600516,方大炭素,10:32:48,19.91,71981,19.9,买盘
1106,600516,方大炭素,10:32:42,19.9,62900,19.88,买盘
1107,600516,方大炭素,10:32:39,19.88,48719,19.93,卖盘
1108,600516,方大炭素,10:32:30,19.94,62300,19.94,买盘
1109,600516,方大炭素,10:32:21,19.96,109000,19.95,买盘
1110,600516,方大炭素,10:32:15,19.96,93300,19.94,买盘
1111,600516,方大炭素,10:32:12,19.94,50800,19.96,卖盘
1112,600516,方大炭素,10:32:03,19.97,55400,19.97,买盘
1113,600516,方大炭素,10:31:54,19.96,58300,19.96,买盘
1114,600516,方大炭素,10:31:42,19.92,52600,19.92,卖盘
1115,600516,方大炭素,10:31:30,19.91,55639,19.89,买盘
1116,600516,方大炭素,10:31:15,19.87,47000,19.89,卖盘
1117,600516,方大炭素,10:31:06,19.87,67700,19.89,卖盘
1118,600516,方大炭素,10:30:54,19.87,60600,19.89,卖盘
1119,600516,方大炭素,10:30:45,19.88,83804,19.87,买盘
1120,600516,方大炭素,10:30:36,19.86,66300,19.85,买盘
1121,600516,方大炭素,10:30:30,19.85,41696,19.83,买盘
1122,600516,方大炭素,10:30:03,19.83,47704,19.85,卖盘
1123,600516,方大炭素,10:30:00,19.85,171596,19.84,买盘
1124,600516,方大炭素,10:29:54,19.84,50100,19.83,买盘
1125,600516,方大炭素,10:29:48,19.86,81800,19.85,买盘
1126,600516,方大炭素,10:28:18,19.85,195996,19.8,买盘
1127,600516,方大炭素,10:28:15,19.8,103504,19.84,卖盘
1128,600516,方大炭素,10:26:47,19.83,46200,19.83,卖盘
1129,600516,方大炭素,10:26:05,19.8,152100,19.77,买盘
1130,600516,方大炭素,10:25:47,19.77,151900,19.76,买盘
1131,600516,方大炭素,10:25:44,19.76,57020,19.8,卖盘
1132,600516,方大炭素,10:25:33,19.78,43800,19.8,卖盘
1133,600516,方大炭素,10:25:29,19.8,41600,19.85,卖盘
1134,600516,方大炭素,10:25:15,19.85,119800,19.84,买盘
1135,600516,方大炭素,10:24:22,19.89,47300,19.88,买盘
1136,600516,方大炭素,10:24:10,19.88,53300,19.89,卖盘
1137,600516,方大炭素,10:24:06,19.89,42000,19.88,买盘
1138,600516,方大炭素,10:23:19,19.88,70800,19.86,买盘
1139,600516,方大炭素,10:23:09,19.87,50100,19.87,买盘
1140,600516,方大炭素,10:22:31,19.9,112004,19.94,卖盘
1141,600516,方大炭素,10:22:28,19.94,43200,19.94,买盘
1142,600516,方大炭素,10:22:22,19.94,164520,19.93,买盘
1143,600516,方大炭素,10:21:52,19.93,55900,19.91,买盘
1144,600516,方大炭素,10:21:39,19.9,86500,19.87,买盘
1145,600516,方大炭素,10:21:13,19.82,42400,19.82,买盘
1146,600516,方大炭素,10:21:07,19.82,68900,19.8,买盘
1147,600516,方大炭素,10:21:01,19.8,52200,19.8,卖盘
1148,600516,方大炭素,10:20:52,19.81,47000,19.8,买盘
1149,600516,方大炭素,10:20:49,19.8,75800,19.8,买盘
1150,600516,方大炭素,10:20:36,19.78,78000,19.78,卖盘
1151,600516,方大炭素,10:20:10,19.77,43280,19.76,买盘
1152,600516,方大炭素,10:19:55,19.78,40180,19.76,买盘
1153,600516,方大炭素,10:19:51,19.76,64000,19.78,卖盘
1154,600516,方大炭素,10:19:31,19.79,149400,19.83,卖盘
1155,600516,方大炭素,10:19:09,19.84,41700,19.81,买盘
1156,600516,方大炭素,10:18:22,19.77,59800,19.76,买盘
1157,600516,方大炭素,10:17:57,19.71,86100,19.73,卖盘
1158,600516,方大炭素,10:17:51,19.73,107100,19.72,买盘
1159,600516,方大炭素,10:17:45,19.71,41200,19.7,中性盘
1160,600516,方大炭素,10:17:42,19.7,75700,19.71,卖盘
1161,600516,方大炭素,10:17:28,19.68,86900,19.7,卖盘
1162,600516,方大炭素,10:17:24,19.7,96670,19.7,买盘
1163,600516,方大炭素,10:17:19,19.69,45400,19.7,卖盘
1164,600516,方大炭素,10:17:15,19.7,67000,19.7,买盘
1165,600516,方大炭素,10:17:00,19.68,52938,19.7,卖盘
1166,600516,方大炭素,10:16:58,19.7,46900,19.7,买盘
1167,600516,方大炭素,10:16:55,19.7,55600,19.7,卖盘
1168,600516,方大炭素,10:16:45,19.69,115362,19.7,卖盘
1169,600516,方大炭素,10:16:39,19.7,49838,19.72,卖盘
1170,600516,方大炭素,10:16:30,19.7,295038,19.71,卖盘
1171,600516,方大炭素,10:16:00,19.74,61200,19.74,买盘
1172,600516,方大炭素,10:15:57,19.74,54300,19.75,卖盘
1173,600516,方大炭素,10:14:37,19.83,47300,19.82,买盘
1174,600516,方大炭素,10:14:24,19.82,44700,19.8,买盘
1175,600516,方大炭素,10:14:21,19.8,42600,19.82,卖盘
1176,600516,方大炭素,10:13:54,19.8,87840,19.85,卖盘
1177,600516,方大炭素,10:13:36,19.82,51700,19.85,卖盘
1178,600516,方大炭素,10:13:24,19.82,106900,19.82,卖盘
1179,600516,方大炭素,10:13:09,19.8,139560,19.79,买盘
1180,600516,方大炭素,10:13:06,19.79,227600,19.77,买盘
1181,600516,方大炭素,10:12:36,19.74,40700,19.73,买盘
1182,600516,方大炭素,10:12:33,19.73,48300,19.72,卖盘
1183,600516,方大炭素,10:12:27,19.72,52100,19.74,卖盘
1184,600516,方大炭素,10:12:18,19.72,46300,19.7,卖盘
1185,600516,方大炭素,10:12:16,19.7,429100,19.71,卖盘
1186,600516,方大炭素,10:12:12,19.71,45900,19.72,卖盘
1187,600516,方大炭素,10:12:09,19.72,131601,19.7,买盘
1188,600516,方大炭素,10:12:06,19.7,86561,19.7,卖盘
1189,600516,方大炭素,10:12:03,19.7,58500,19.69,买盘
1190,600516,方大炭素,10:11:54,19.7,50900,19.7,买盘
1191,600516,方大炭素,10:11:45,19.7,47800,19.71,卖盘
1192,600516,方大炭素,10:11:42,19.71,178900,19.73,卖盘
1193,600516,方大炭素,10:11:33,19.74,73900,19.72,买盘
1194,600516,方大炭素,10:11:30,19.72,127200,19.73,卖盘
1195,600516,方大炭素,10:11:21,19.74,162300,19.75,卖盘
1196,600516,方大炭素,10:11:18,19.75,49600,19.75,卖盘
1197,600516,方大炭素,10:11:03,19.74,172400,19.76,卖盘
1198,600516,方大炭素,10:11:00,19.76,65100,19.77,中性盘
1199,600516,方大炭素,10:10:57,19.77,47000,19.76,中性盘
1200,600516,方大炭素,10:10:54,19.76,71900,19.76,卖盘
1201,600516,方大炭素,10:10:51,19.76,42400,19.75,买盘
1202,600516,方大炭素,10:10:48,19.75,40800,19.76,卖盘
1203,600516,方大炭素,10:10:39,19.76,77800,19.77,卖盘
1204,600516,方大炭素,10:10:33,19.77,48800,19.78,卖盘
1205,600516,方大炭素,10:10:30,19.78,250900,19.79,卖盘
1206,600516,方大炭素,10:10:27,19.79,48500,19.79,买盘
1207,600516,方大炭素,10:09:54,19.8,150900,19.79,买盘
1208,600516,方大炭素,10:09:51,19.79,132600,19.79,卖盘
1209,600516,方大炭素,10:09:48,19.79,112500,19.76,买盘
1210,600516,方大炭素,10:09:42,19.78,144600,19.76,中性盘
1211,600516,方大炭素,10:09:39,19.76,41600,19.76,卖盘
1212,600516,方大炭素,10:09:36,19.76,41300,19.76,买盘
1213,600516,方大炭素,10:09:33,19.76,114400,19.75,买盘
1214,600516,方大炭素,10:09:30,19.75,58800,19.75,买盘
1215,600516,方大炭素,10:09:27,19.75,55000,19.75,买盘
1216,600516,方大炭素,10:09:24,19.75,96200,19.76,卖盘
1217,600516,方大炭素,10:09:12,19.75,58800,19.74,买盘
1218,600516,方大炭素,10:09:06,19.74,180000,19.76,卖盘
1219,600516,方大炭素,10:09:00,19.8,121300,19.79,买盘
1220,600516,方大炭素,10:08:57,19.79,40600,19.8,买盘
1221,600516,方大炭素,10:08:51,19.79,46400,19.8,卖盘
1222,600516,方大炭素,10:08:48,19.8,123600,19.8,买盘
1223,600516,方大炭素,10:08:45,19.8,71700,19.8,买盘
1224,600516,方大炭素,10:08:39,19.81,152000,19.8,买盘
1225,600516,方大炭素,10:08:30,19.8,203600,19.77,买盘
1226,600516,方大炭素,10:08:27,19.77,41700,19.78,卖盘
1227,600516,方大炭素,10:08:24,19.78,383000,19.75,买盘
1228,600516,方大炭素,10:08:21,19.75,60200,19.78,卖盘
1229,600516,方大炭素,10:08:09,19.75,105400,19.73,中性盘
1230,600516,方大炭素,10:08:06,19.73,89200,19.73,卖盘
1231,600516,方大炭素,10:08:03,19.73,51200,19.7,中性盘
1232,600516,方大炭素,10:08:00,19.7,67300,19.7,卖盘
1233,600516,方大炭素,10:07:57,19.7,174500,19.7,卖盘
1234,600516,方大炭素,10:07:54,19.7,108600,19.7,买盘
1235,600516,方大炭素,10:07:51,19.7,76200,19.7,买盘
1236,600516,方大炭素,10:07:48,19.7,145300,19.68,买盘
1237,600516,方大炭素,10:07:45,19.68,172000,19.68,卖盘
1238,600516,方大炭素,10:07:42,19.68,185500,19.7,卖盘
1239,600516,方大炭素,10:07:38,19.7,44200,19.7,买盘
1240,600516,方大炭素,10:07:35,19.7,127000,19.68,买盘
1241,600516,方大炭素,10:07:33,19.68,243600,19.68,卖盘
1242,600516,方大炭素,10:07:26,19.7,358600,19.73,卖盘
1243,600516,方大炭素,10:07:18,19.73,204700,19.8,卖盘
1244,600516,方大炭素,10:07:11,19.8,220280,19.83,卖盘
1245,600516,方大炭素,10:07:08,19.83,112520,19.8,买盘
1246,600516,方大炭素,10:07:05,19.8,50000,19.81,卖盘
1247,600516,方大炭素,10:07:02,19.81,410800,19.83,卖盘
1248,600516,方大炭素,10:06:51,19.85,84300,19.84,中性盘
1249,600516,方大炭素,10:06:47,19.84,68000,19.85,卖盘
1250,600516,方大炭素,10:06:38,19.86,57100,19.87,中性盘
1251,600516,方大炭素,10:06:35,19.87,224800,19.87,买盘
1252,600516,方大炭素,10:06:23,19.88,81900,19.89,卖盘
1253,600516,方大炭素,10:05:57,19.9,61500,19.91,卖盘
1254,600516,方大炭素,10:05:38,19.95,44100,19.94,买盘
1255,600516,方大炭素,10:04:56,19.97,236100,19.99,中性盘
1256,600516,方大炭素,10:04:41,19.99,218900,20.0,卖盘
1257,600516,方大炭素,10:04:21,19.99,62400,20.0,卖盘
1258,600516,方大炭素,10:03:57,20.0,44300,20.0,买盘
1259,600516,方大炭素,10:03:42,19.99,49900,19.99,卖盘
1260,600516,方大炭素,10:03:30,19.99,45700,19.98,买盘
1261,600516,方大炭素,10:03:09,19.99,83700,19.97,买盘
1262,600516,方大炭素,10:03:06,19.97,56700,19.97,买盘
1263,600516,方大炭素,10:00:51,19.95,56700,19.96,卖盘
1264,600516,方大炭素,10:00:21,19.95,476000,20.0,卖盘
1265,600516,方大炭素,10:00:18,20.0,155100,20.0,卖盘
1266,600516,方大炭素,10:00:15,20.0,89855,20.0,卖盘
1267,600516,方大炭素,10:00:12,20.0,72900,20.0,卖盘
1268,600516,方大炭素,10:00:09,20.0,109900,20.0,卖盘
1269,600516,方大炭素,10:00:06,20.0,176321,19.9,买盘
1270,600516,方大炭素,09:59:54,19.9,57300,19.9,卖盘
1271,600516,方大炭素,09:59:45,19.88,148900,19.86,买盘
1272,600516,方大炭素,09:59:42,19.86,83800,19.87,卖盘
1273,600516,方大炭素,09:59:36,19.86,58300,19.86,买盘
1274,600516,方大炭素,09:59:30,19.86,42500,19.85,买盘
1275,600516,方大炭素,09:59:27,19.85,74100,19.85,卖盘
1276,600516,方大炭素,09:59:18,19.87,47900,19.85,买盘
1277,600516,方大炭素,09:59:15,19.85,61100,19.87,卖盘
1278,600516,方大炭素,09:59:09,19.86,43800,19.86,卖盘
1279,600516,方大炭素,09:59:06,19.86,106700,19.87,卖盘
1280,600516,方大炭素,09:58:57,19.89,549000,19.89,买盘
1281,600516,方大炭素,09:58:54,19.89,68700,19.9,卖盘
1282,600516,方大炭素,09:58:51,19.9,80100,19.89,买盘
1283,600516,方大炭素,09:58:48,19.89,53000,19.89,卖盘
1284,600516,方大炭素,09:58:45,19.89,67800,19.89,买盘
1285,600516,方大炭素,09:58:36,19.89,66800,19.9,卖盘
1286,600516,方大炭素,09:58:30,19.96,266400,19.9,买盘
1287,600516,方大炭素,09:58:27,19.9,228279,19.92,卖盘
1288,600516,方大炭素,09:58:24,19.92,69200,19.92,买盘
1289,600516,方大炭素,09:58:21,19.92,66600,19.93,卖盘
1290,600516,方大炭素,09:58:15,19.93,50100,19.95,卖盘
1291,600516,方大炭素,09:58:06,19.93,335200,19.93,卖盘
1292,600516,方大炭素,09:58:00,19.97,64100,19.93,买盘
1293,600516,方大炭素,09:57:57,19.93,71700,19.93,买盘
1294,600516,方大炭素,09:57:54,19.93,116900,19.93,卖盘
1295,600516,方大炭素,09:57:51,19.93,43800,19.93,卖盘
1296,600516,方大炭素,09:57:42,19.93,305621,19.93,卖盘
1297,600516,方大炭素,09:57:39,19.93,51900,19.92,卖盘
1298,600516,方大炭素,09:57:36,19.92,44700,19.9,中性盘
1299,600516,方大炭素,09:57:33,19.9,91200,19.93,卖盘
1300,600516,方大炭素,09:57:27,19.9,81500,19.9,卖盘
1301,600516,方大炭素,09:57:24,19.9,94900,19.88,买盘
1302,600516,方大炭素,09:57:21,19.88,129700,19.85,买盘
1303,600516,方大炭素,09:57:18,19.85,56600,19.85,卖盘
1304,600516,方大炭素,09:57:15,19.85,84200,19.86,卖盘
1305,600516,方大炭素,09:57:12,19.86,174500,19.84,买盘
1306,600516,方大炭素,09:57:09,19.84,78500,19.84,卖盘
1307,600516,方大炭素,09:57:06,19.84,48200,19.82,中性盘
1308,600516,方大炭素,09:57:03,19.82,67200,19.85,卖盘
1309,600516,方大炭素,09:57:00,19.85,161100,19.88,卖盘
1310,600516,方大炭素,09:56:57,19.88,49300,19.88,卖盘
1311,600516,方大炭素,09:56:54,19.88,62800,19.9,卖盘
1312,600516,方大炭素,09:56:51,19.9,50900,19.9,买盘
1313,600516,方大炭素,09:56:45,19.9,40900,19.94,卖盘
1314,600516,方大炭素,09:56:42,19.94,442900,19.95,卖盘
1315,600516,方大炭素,09:56:39,19.95,251500,19.97,卖盘
1316,600516,方大炭素,09:56:36,19.97,119200,19.98,卖盘
1317,600516,方大炭素,09:56:33,19.98,79300,19.98,买盘
1318,600516,方大炭素,09:56:30,19.98,132820,19.99,卖盘
1319,600516,方大炭素,09:56:24,20.0,45600,19.99,买盘
1320,600516,方大炭素,09:56:21,19.99,60100,20.0,卖盘
1321,600516,方大炭素,09:56:18,20.0,135200,20.0,买盘
1322,600516,方大炭素,09:56:15,20.0,370745,20.03,卖盘
1323,600516,方大炭素,09:56:06,20.03,45300,20.05,卖盘
1324,600516,方大炭素,09:56:00,20.05,216299,20.07,卖盘
1325,600516,方大炭素,09:55:45,20.08,42900,20.08,买盘
1326,600516,方大炭素,09:55:36,20.08,41800,20.08,卖盘
1327,600516,方大炭素,09:55:24,20.09,78600,20.09,卖盘
1328,600516,方大炭素,09:55:21,20.09,58400,20.09,买盘
1329,600516,方大炭素,09:55:12,20.09,68400,20.1,卖盘
1330,600516,方大炭素,09:55:06,20.09,89300,20.09,买盘
1331,600516,方大炭素,09:55:03,20.09,74800,20.08,买盘
1332,600516,方大炭素,09:54:51,20.1,153400,20.08,买盘
1333,600516,方大炭素,09:54:45,20.08,46400,20.1,卖盘
1334,600516,方大炭素,09:54:36,20.09,83100,20.08,买盘
1335,600516,方大炭素,09:54:33,20.08,142100,20.07,中性盘
1336,600516,方大炭素,09:54:30,20.07,46100,20.08,卖盘
1337,600516,方大炭素,09:54:21,20.07,125760,20.08,中性盘
1338,600516,方大炭素,09:54:18,20.08,55100,20.05,买盘
1339,600516,方大炭素,09:54:09,20.05,143400,20.05,买盘
1340,600516,方大炭素,09:54:06,20.05,131100,20.05,买盘
1341,600516,方大炭素,09:53:54,20.03,73500,20.04,卖盘
1342,600516,方大炭素,09:53:33,20.02,59100,20.02,卖盘
1343,600516,方大炭素,09:53:30,20.02,61700,20.02,买盘
1344,600516,方大炭素,09:53:27,20.02,105900,20.03,买盘
1345,600516,方大炭素,09:53:18,20.02,81700,20.02,卖盘
1346,600516,方大炭素,09:53:00,20.0,42700,20.02,卖盘
1347,600516,方大炭素,09:52:45,19.99,83000,19.99,卖盘
1348,600516,方大炭素,09:52:42,19.99,54100,20.0,卖盘
1349,600516,方大炭素,09:52:39,20.0,48600,19.99,买盘
1350,600516,方大炭素,09:52:36,19.99,43300,20.0,卖盘
1351,600516,方大炭素,09:52:27,20.0,118445,20.04,卖盘
1352,600516,方大炭素,09:52:21,20.05,377800,20.05,买盘
1353,600516,方大炭素,09:52:12,20.02,57500,20.05,卖盘
1354,600516,方大炭素,09:52:06,20.05,46900,20.01,买盘
1355,600516,方大炭素,09:52:03,20.01,93200,20.02,卖盘
1356,600516,方大炭素,09:52:00,20.02,330700,20.05,中性盘
1357,600516,方大炭素,09:51:57,20.05,141800,20.0,买盘
1358,600516,方大炭素,09:51:51,20.0,87255,20.0,买盘
1359,600516,方大炭素,09:51:48,20.0,48300,20.0,买盘
1360,600516,方大炭素,09:51:45,20.0,70145,20.02,卖盘
1361,600516,方大炭素,09:51:39,20.0,214800,20.06,卖盘
1362,600516,方大炭素,09:51:36,20.06,103200,20.02,中性盘
1363,600516,方大炭素,09:51:33,20.02,60900,20.0,中性盘
1364,600516,方大炭素,09:51:30,20.0,97455,20.06,卖盘
1365,600516,方大炭素,09:51:27,20.06,169500,19.98,买盘
1366,600516,方大炭素,09:51:24,19.98,205400,20.0,卖盘
1367,600516,方大炭素,09:51:21,20.0,147500,19.99,买盘
1368,600516,方大炭素,09:51:18,19.99,58980,19.99,买盘
1369,600516,方大炭素,09:51:15,19.99,104520,19.99,卖盘
1370,600516,方大炭素,09:51:12,19.99,120700,19.98,买盘
1371,600516,方大炭素,09:51:06,19.99,54500,19.99,买盘
1372,600516,方大炭素,09:51:03,19.99,78800,19.99,卖盘
1373,600516,方大炭素,09:51:00,19.99,92000,20.0,卖盘
1374,600516,方大炭素,09:50:57,20.0,70000,20.0,买盘
1375,600516,方大炭素,09:50:51,19.99,51180,20.0,卖盘
1376,600516,方大炭素,09:50:42,19.99,320300,20.06,卖盘
1377,600516,方大炭素,09:50:39,20.06,47300,20.07,中性盘
1378,600516,方大炭素,09:50:36,20.07,90800,20.0,买盘
1379,600516,方大炭素,09:50:33,20.0,576900,20.08,卖盘
1380,600516,方大炭素,09:50:24,20.09,54300,20.09,买盘
1381,600516,方大炭素,09:50:15,20.09,56800,20.08,买盘
1382,600516,方大炭素,09:50:09,20.09,75300,20.09,卖盘
1383,600516,方大炭素,09:50:03,20.08,50700,20.08,卖盘
1384,600516,方大炭素,09:49:57,20.08,52600,20.08,买盘
1385,600516,方大炭素,09:49:51,20.07,44328,20.11,卖盘
1386,600516,方大炭素,09:49:39,20.1,58500,20.09,买盘
1387,600516,方大炭素,09:49:33,20.05,43000,20.06,卖盘
1388,600516,方大炭素,09:49:24,20.04,110600,20.04,卖盘
1389,600516,方大炭素,09:49:06,20.0,190200,19.99,买盘
1390,600516,方大炭素,09:49:03,19.99,144700,19.99,买盘
1391,600516,方大炭素,09:49:00,19.99,93300,19.99,卖盘
1392,600516,方大炭素,09:48:57,19.99,179400,20.0,卖盘
1393,600516,方大炭素,09:48:54,20.0,179400,20.0,买盘
1394,600516,方大炭素,09:48:51,20.0,142500,20.0,卖盘
1395,600516,方大炭素,09:48:48,20.0,82400,20.0,卖盘
1396,600516,方大炭素,09:48:45,20.0,123700,19.99,买盘
1397,600516,方大炭素,09:48:42,19.99,84500,19.99,卖盘
1398,600516,方大炭素,09:48:39,19.99,120900,20.0,卖盘
1399,600516,方大炭素,09:48:36,20.0,43200,20.0,买盘
1400,600516,方大炭素,09:48:33,20.0,107100,20.01,卖盘
1401,600516,方大炭素,09:48:27,20.05,41700,20.0,买盘
1402,600516,方大炭素,09:48:21,20.0,183300,20.08,卖盘
1403,600516,方大炭素,09:48:15,20.1,173900,20.09,买盘
1404,600516,方大炭素,09:48:12,20.09,108000,20.09,卖盘
1405,600516,方大炭素,09:48:03,20.1,511300,20.06,买盘
1406,600516,方大炭素,09:47:57,20.1,152245,20.1,卖盘
1407,600516,方大炭素,09:47:54,20.1,207955,20.1,卖盘
1408,600516,方大炭素,09:47:51,20.1,92000,20.1,卖盘
1409,600516,方大炭素,09:47:48,20.1,232600,20.04,买盘
1410,600516,方大炭素,09:47:45,20.04,102100,20.1,卖盘
1411,600516,方大炭素,09:47:42,20.1,75900,20.07,买盘
1412,600516,方大炭素,09:47:33,20.1,181280,20.15,卖盘
1413,600516,方大炭素,09:47:30,20.15,238900,20.15,买盘
1414,600516,方大炭素,09:47:27,20.15,152900,20.18,卖盘
1415,600516,方大炭素,09:47:21,20.18,72900,20.18,买盘
1416,600516,方大炭素,09:47:12,20.2,71220,20.16,买盘
1417,600516,方大炭素,09:47:09,20.16,446945,20.18,卖盘
1418,600516,方大炭素,09:47:03,20.18,95800,20.17,买盘
1419,600516,方大炭素,09:47:00,20.17,127800,20.16,中性盘
1420,600516,方大炭素,09:46:57,20.16,70400,20.16,卖盘
1421,600516,方大炭素,09:46:54,20.16,89555,20.14,买盘
1422,600516,方大炭素,09:46:32,20.14,304600,20.16,卖盘
1423,600516,方大炭素,09:46:24,20.1,298900,20.16,卖盘
1424,600516,方大炭素,09:46:21,20.16,242600,20.12,买盘
1425,600516,方大炭素,09:46:14,20.12,60300,20.11,买盘
1426,600516,方大炭素,09:46:06,20.12,169500,20.1,买盘
1427,600516,方大炭素,09:46:02,20.1,100500,20.11,卖盘
1428,600516,方大炭素,09:45:59,20.11,384945,20.13,卖盘
1429,600516,方大炭素,09:45:56,20.13,116700,20.13,卖盘
1430,600516,方大炭素,09:45:53,20.13,110500,20.14,卖盘
1431,600516,方大炭素,09:45:38,20.17,101000,20.18,卖盘
1432,600516,方大炭素,09:45:17,20.2,109200,20.21,卖盘
1433,600516,方大炭素,09:45:14,20.21,113200,20.2,买盘
1434,600516,方大炭素,09:45:11,20.2,47800,20.21,卖盘
1435,600516,方大炭素,09:45:09,20.21,79900,20.21,买盘
1436,600516,方大炭素,09:45:05,20.21,45000,20.21,买盘
1437,600516,方大炭素,09:45:00,20.21,49700,20.2,中性盘
1438,600516,方大炭素,09:44:48,20.2,67700,20.21,卖盘
1439,600516,方大炭素,09:44:44,20.21,94100,20.17,买盘
1440,600516,方大炭素,09:44:32,20.15,85400,20.13,买盘
1441,600516,方大炭素,09:44:29,20.13,67000,20.11,买盘
1442,600516,方大炭素,09:44:26,20.11,88900,20.13,卖盘
1443,600516,方大炭素,09:44:14,20.13,52500,20.11,买盘
1444,600516,方大炭素,09:44:08,20.11,49300,20.1,中性盘
1445,600516,方大炭素,09:44:02,20.1,424655,20.1,买盘
1446,600516,方大炭素,09:43:56,20.1,49200,20.09,买盘
1447,600516,方大炭素,09:43:53,20.09,43800,20.09,卖盘
1448,600516,方大炭素,09:43:50,20.09,583885,20.12,卖盘
1449,600516,方大炭素,09:43:47,20.12,43600,20.1,买盘
1450,600516,方大炭素,09:43:44,20.1,119800,20.13,卖盘
1451,600516,方大炭素,09:43:41,20.13,46200,20.1,买盘
1452,600516,方大炭素,09:43:38,20.1,416815,20.12,卖盘
1453,600516,方大炭素,09:43:35,20.12,56200,20.18,卖盘
1454,600516,方大炭素,09:43:32,20.18,351100,20.15,买盘
1455,600516,方大炭素,09:43:26,20.13,151000,20.2,卖盘
1456,600516,方大炭素,09:43:23,20.2,72200,20.2,买盘
1457,600516,方大炭素,09:43:20,20.2,164200,20.23,卖盘
1458,600516,方大炭素,09:43:17,20.23,155300,20.23,卖盘
1459,600516,方大炭素,09:43:09,20.25,49100,20.27,卖盘
1460,600516,方大炭素,09:43:06,20.27,297500,20.28,中性盘
1461,600516,方大炭素,09:43:03,20.28,89600,20.29,买盘
1462,600516,方大炭素,09:43:00,20.29,56700,20.29,买盘
1463,600516,方大炭素,09:42:51,20.3,152700,20.28,买盘
1464,600516,方大炭素,09:42:48,20.28,52600,20.28,买盘
1465,600516,方大炭素,09:42:45,20.28,218100,20.28,买盘
1466,600516,方大炭素,09:42:42,20.28,45500,20.3,卖盘
1467,600516,方大炭素,09:42:39,20.3,50000,20.3,卖盘
1468,600516,方大炭素,09:42:36,20.3,93500,20.3,买盘
1469,600516,方大炭素,09:42:27,20.31,90900,20.25,买盘
1470,600516,方大炭素,09:42:24,20.25,261500,20.25,买盘
1471,600516,方大炭素,09:42:21,20.25,93300,20.3,卖盘
1472,600516,方大炭素,09:42:15,20.25,468600,20.25,卖盘
1473,600516,方大炭素,09:42:12,20.25,80800,20.25,卖盘
1474,600516,方大炭素,09:42:09,20.25,47000,20.25,买盘
1475,600516,方大炭素,09:42:03,20.24,67100,20.24,卖盘
1476,600516,方大炭素,09:42:00,20.24,50900,20.25,中性盘
1477,600516,方大炭素,09:41:51,20.22,143300,20.25,卖盘
1478,600516,方大炭素,09:41:45,20.25,42800,20.25,卖盘
1479,600516,方大炭素,09:41:39,20.29,40000,20.22,买盘
1480,600516,方大炭素,09:41:33,20.25,58000,20.25,买盘
1481,600516,方大炭素,09:41:27,20.25,258800,20.29,卖盘
1482,600516,方大炭素,09:41:24,20.29,71700,20.29,买盘
1483,600516,方大炭素,09:41:21,20.29,55100,20.27,买盘
1484,600516,方大炭素,09:41:18,20.27,117600,20.3,卖盘
1485,600516,方大炭素,09:41:15,20.3,41700,20.31,卖盘
1486,600516,方大炭素,09:41:12,20.31,73700,20.33,卖盘
1487,600516,方大炭素,09:41:09,20.33,194400,20.26,买盘
1488,600516,方大炭素,09:41:07,20.26,501500,20.3,卖盘
1489,600516,方大炭素,09:41:03,20.3,93100,20.28,买盘
1490,600516,方大炭素,09:41:00,20.28,40000,20.27,买盘
1491,600516,方大炭素,09:40:57,20.27,60600,20.26,中性盘
1492,600516,方大炭素,09:40:54,20.26,40400,20.27,卖盘
1493,600516,方大炭素,09:40:51,20.27,48300,20.3,中性盘
1494,600516,方大炭素,09:40:48,20.3,55800,20.3,买盘
1495,600516,方大炭素,09:40:45,20.3,131500,20.27,买盘
1496,600516,方大炭素,09:40:42,20.27,103000,20.3,卖盘
1497,600516,方大炭素,09:40:33,20.27,131400,20.29,中性盘
1498,600516,方大炭素,09:40:27,20.3,118100,20.2,买盘
1499,600516,方大炭素,09:40:21,20.18,115000,20.3,卖盘
1500,600516,方大炭素,09:40:18,20.3,78300,20.3,买盘
1501,600516,方大炭素,09:40:15,20.3,158000,20.27,买盘
1502,600516,方大炭素,09:40:12,20.27,329060,20.38,卖盘
1503,600516,方大炭素,09:40:09,20.38,71500,20.37,买盘
1504,600516,方大炭素,09:40:06,20.37,168200,20.41,卖盘
1505,600516,方大炭素,09:40:03,20.41,127400,20.4,中性盘
1506,600516,方大炭素,09:40:00,20.4,225900,20.42,卖盘
1507,600516,方大炭素,09:39:57,20.42,122000,20.4,买盘
1508,600516,方大炭素,09:39:54,20.4,74700,20.4,卖盘
1509,600516,方大炭素,09:39:51,20.4,88100,20.39,买盘
1510,600516,方大炭素,09:39:48,20.39,110200,20.37,中性盘
1511,600516,方大炭素,09:39:45,20.37,58200,20.4,卖盘
1512,600516,方大炭素,09:39:42,20.4,138700,20.38,买盘
1513,600516,方大炭素,09:39:39,20.38,119000,20.4,卖盘
1514,600516,方大炭素,09:39:36,20.4,549000,20.35,买盘
1515,600516,方大炭素,09:39:33,20.35,115876,20.37,卖盘
1516,600516,方大炭素,09:39:30,20.37,60924,20.35,买盘
1517,600516,方大炭素,09:39:27,20.35,110600,20.35,买盘
1518,600516,方大炭素,09:39:24,20.35,168300,20.33,买盘
1519,600516,方大炭素,09:39:21,20.33,41940,20.38,卖盘
1520,600516,方大炭素,09:39:18,20.38,510400,20.32,买盘
1521,600516,方大炭素,09:39:15,20.32,48300,20.38,中性盘
1522,600516,方大炭素,09:39:12,20.38,110500,20.33,买盘
1523,600516,方大炭素,09:39:09,20.33,53900,20.33,卖盘
1524,600516,方大炭素,09:39:06,20.33,377000,20.29,买盘
1525,600516,方大炭素,09:39:03,20.29,121900,20.28,买盘
1526,600516,方大炭素,09:39:00,20.28,139100,20.28,买盘
1527,600516,方大炭素,09:38:57,20.28,142100,20.33,中性盘
1528,600516,方大炭素,09:38:54,20.33,59300,20.4,买盘
1529,600516,方大炭素,09:38:51,20.4,276700,20.3,买盘
1530,600516,方大炭素,09:38:48,20.3,55000,20.25,买盘
1531,600516,方大炭素,09:38:45,20.25,157280,20.3,卖盘
1532,600516,方大炭素,09:38:42,20.3,56000,20.3,卖盘
1533,600516,方大炭素,09:38:39,20.3,641520,20.13,买盘
1534,600516,方大炭素,09:38:27,20.25,731200,20.09,买盘
1535,600516,方大炭素,09:38:24,20.09,51500,20.1,中性盘
1536,600516,方大炭素,09:38:21,20.1,43300,20.1,卖盘
1537,600516,方大炭素,09:38:18,20.1,81400,20.08,买盘
1538,600516,方大炭素,09:38:15,20.08,81100,20.11,卖盘
1539,600516,方大炭素,09:38:12,20.11,117900,20.1,买盘
1540,600516,方大炭素,09:38:09,20.1,42800,20.1,买盘
1541,600516,方大炭素,09:38:06,20.1,148000,20.1,卖盘
1542,600516,方大炭素,09:38:03,20.1,41800,20.15,卖盘
1543,600516,方大炭素,09:38:00,20.15,238700,20.1,买盘
1544,600516,方大炭素,09:37:57,20.1,162700,20.1,卖盘
1545,600516,方大炭素,09:37:54,20.1,78700,20.1,买盘
1546,600516,方大炭素,09:37:51,20.1,55000,20.1,买盘
1547,600516,方大炭素,09:37:48,20.1,175300,20.09,买盘
1548,600516,方大炭素,09:37:45,20.09,49300,20.1,卖盘
1549,600516,方大炭素,09:37:42,20.1,63600,20.15,卖盘
1550,600516,方大炭素,09:37:36,20.1,168600,20.09,买盘
1551,600516,方大炭素,09:37:33,20.09,111900,20.15,卖盘
1552,600516,方大炭素,09:37:30,20.15,49500,20.15,买盘
1553,600516,方大炭素,09:37:24,20.15,73900,20.1,买盘
1554,600516,方大炭素,09:37:21,20.1,40900,20.18,卖盘
1555,600516,方大炭素,09:37:18,20.18,50700,20.16,买盘
1556,600516,方大炭素,09:37:12,20.1,225300,20.15,卖盘
1557,600516,方大炭素,09:37:09,20.15,165300,20.18,卖盘
1558,600516,方大炭素,09:37:06,20.18,119100,20.18,买盘
1559,600516,方大炭素,09:37:03,20.18,86500,20.16,中性盘
1560,600516,方大炭素,09:36:57,20.19,42500,20.12,买盘
1561,600516,方大炭素,09:36:54,20.12,54900,20.14,卖盘
1562,600516,方大炭素,09:36:51,20.14,70500,20.2,中性盘
1563,600516,方大炭素,09:36:48,20.2,107900,20.2,买盘
1564,600516,方大炭素,09:36:42,20.19,63200,20.2,卖盘
1565,600516,方大炭素,09:36:39,20.2,637800,20.14,买盘
1566,600516,方大炭素,09:36:33,20.12,161100,20.11,卖盘
1567,600516,方大炭素,09:36:30,20.11,71300,20.09,买盘
1568,600516,方大炭素,09:36:27,20.09,130700,20.12,卖盘
1569,600516,方大炭素,09:36:24,20.12,65000,20.05,买盘
1570,600516,方大炭素,09:36:21,20.05,91100,20.1,卖盘
1571,600516,方大炭素,09:36:15,20.1,161740,20.01,买盘
1572,600516,方大炭素,09:36:12,20.01,159600,20.02,卖盘
1573,600516,方大炭素,09:36:09,20.02,830100,20.06,卖盘
1574,600516,方大炭素,09:36:06,20.06,47900,20.01,买盘
1575,600516,方大炭素,09:36:03,20.01,161600,20.0,中性盘
1576,600516,方大炭素,09:36:00,20.0,374900,20.0,买盘
1577,600516,方大炭素,09:35:57,20.0,192000,19.98,买盘
1578,600516,方大炭素,09:35:54,19.98,125000,19.98,卖盘
1579,600516,方大炭素,09:35:51,19.98,97100,20.0,卖盘
1580,600516,方大炭素,09:35:48,20.0,92200,20.0,卖盘
1581,600516,方大炭素,09:35:45,20.0,1428070,19.96,买盘
1582,600516,方大炭素,09:35:42,19.96,295500,19.98,卖盘
1583,600516,方大炭素,09:35:39,19.98,105200,19.98,买盘
1584,600516,方大炭素,09:35:36,19.98,184700,20.0,卖盘
1585,600516,方大炭素,09:35:33,20.0,180200,20.0,买盘
1586,600516,方大炭素,09:35:30,20.0,213600,20.0,买盘
1587,600516,方大炭素,09:35:27,20.0,274100,20.05,卖盘
1588,600516,方大炭素,09:35:24,20.05,214800,20.05,买盘
1589,600516,方大炭素,09:35:21,20.05,473500,20.07,卖盘
1590,600516,方大炭素,09:35:18,20.07,115240,20.1,卖盘
1591,600516,方大炭素,09:35:15,20.1,155560,20.1,买盘
1592,600516,方大炭素,09:35:12,20.1,127140,20.1,买盘
1593,600516,方大炭素,09:35:09,20.1,174300,20.12,卖盘
1594,600516,方大炭素,09:35:06,20.12,221800,20.13,卖盘
1595,600516,方大炭素,09:35:03,20.13,200000,20.14,买盘
1596,600516,方大炭素,09:35:00,20.14,184600,20.13,买盘
1597,600516,方大炭素,09:34:57,20.13,88100,20.12,中性盘
1598,600516,方大炭素,09:34:51,20.11,46800,20.1,买盘
1599,600516,方大炭素,09:34:48,20.1,48000,20.11,卖盘
1600,600516,方大炭素,09:34:45,20.11,553760,20.07,买盘
1601,600516,方大炭素,09:34:42,20.07,72300,20.07,买盘
1602,600516,方大炭素,09:34:39,20.07,1057200,20.04,买盘
1603,600516,方大炭素,09:34:36,20.04,93900,20.05,中性盘
1604,600516,方大炭素,09:34:33,20.05,207500,20.1,卖盘
1605,600516,方大炭素,09:34:30,20.1,454400,20.08,买盘
1606,600516,方大炭素,09:34:27,20.08,151500,20.01,买盘
1607,600516,方大炭素,09:34:24,20.01,101100,20.0,买盘
1608,600516,方大炭素,09:34:21,20.0,571200,20.08,卖盘
1609,600516,方大炭素,09:34:15,20.05,122300,20.01,中性盘
1610,600516,方大炭素,09:34:12,20.01,48000,20.05,卖盘
1611,600516,方大炭素,09:34:09,20.05,59900,20.0,买盘
1612,600516,方大炭素,09:34:06,20.0,197700,20.0,卖盘
1613,600516,方大炭素,09:34:03,20.0,189200,19.96,中性盘
1614,600516,方大炭素,09:34:00,19.96,159100,19.98,卖盘
1615,600516,方大炭素,09:33:57,19.98,140100,19.95,买盘
1616,600516,方大炭素,09:33:54,19.95,211760,19.95,卖盘
1617,600516,方大炭素,09:33:51,19.95,237580,19.94,买盘
1618,600516,方大炭素,09:33:48,19.94,213100,19.93,中性盘
1619,600516,方大炭素,09:33:45,19.93,110361,19.98,卖盘
1620,600516,方大炭素,09:33:42,19.98,152800,19.93,买盘
1621,600516,方大炭素,09:33:39,19.93,122100,20.0,卖盘
1622,600516,方大炭素,09:33:36,20.0,143800,20.0,买盘
1623,600516,方大炭素,09:33:33,20.0,199300,20.0,买盘
1624,600516,方大炭素,09:33:30,20.0,301300,20.11,卖盘
1625,600516,方大炭素,09:33:27,20.11,651800,20.14,卖盘
1626,600516,方大炭素,09:33:24,20.14,232340,20.08,买盘
1627,600516,方大炭素,09:33:21,20.08,717600,20.08,卖盘
1628,600516,方大炭素,09:33:18,20.08,206500,20.11,卖盘
1629,600516,方大炭素,09:33:15,20.11,721200,20.1,买盘
1630,600516,方大炭素,09:33:12,20.1,126300,20.1,买盘
1631,600516,方大炭素,09:33:09,20.1,100900,20.1,卖盘
1632,600516,方大炭素,09:33:06,20.1,84400,20.08,中性盘
1633,600516,方大炭素,09:33:03,20.08,104300,20.06,中性盘
1634,600516,方大炭素,09:33:00,20.06,100800,20.12,卖盘
1635,600516,方大炭素,09:32:57,20.12,163560,20.1,买盘
1636,600516,方大炭素,09:32:54,20.1,249200,20.05,买盘
1637,600516,方大炭素,09:32:51,20.05,213000,20.1,卖盘
1638,600516,方大炭素,09:32:48,20.1,175500,20.05,买盘
1639,600516,方大炭素,09:32:45,20.05,65800,20.12,卖盘
1640,600516,方大炭素,09:32:42,20.12,235500,20.09,买盘
1641,600516,方大炭素,09:32:39,20.09,193700,20.07,买盘
1642,600516,方大炭素,09:32:36,20.07,337460,20.1,卖盘
1643,600516,方大炭素,09:32:33,20.1,1197400,20.08,卖盘
1644,600516,方大炭素,09:32:30,20.08,141640,20.1,卖盘
1645,600516,方大炭素,09:32:27,20.1,190500,20.1,买盘
1646,600516,方大炭素,09:32:24,20.1,404660,20.17,卖盘
1647,600516,方大炭素,09:32:21,20.17,167000,20.12,买盘
1648,600516,方大炭素,09:32:18,20.12,199300,20.2,卖盘
1649,600516,方大炭素,09:32:15,20.2,244700,20.2,买盘
1650,600516,方大炭素,09:32:12,20.2,289240,20.22,中性盘
1651,600516,方大炭素,09:32:09,20.22,180700,20.2,中性盘
1652,600516,方大炭素,09:32:06,20.2,306100,20.29,卖盘
1653,600516,方大炭素,09:32:03,20.29,278300,20.36,中性盘
1654,600516,方大炭素,09:32:00,20.36,142100,20.3,买盘
1655,600516,方大炭素,09:31:57,20.3,490800,20.38,卖盘
1656,600516,方大炭素,09:31:54,20.38,169500,20.4,卖盘
1657,600516,方大炭素,09:31:51,20.4,577800,20.4,买盘
1658,600516,方大炭素,09:31:48,20.4,187500,20.42,卖盘
1659,600516,方大炭素,09:31:45,20.42,398000,20.4,买盘
1660,600516,方大炭素,09:31:42,20.4,511300,20.48,卖盘
1661,600516,方大炭素,09:31:39,20.48,271600,20.48,买盘
1662,600516,方大炭素,09:31:36,20.48,251900,20.5,卖盘
1663,600516,方大炭素,09:31:33,20.5,579800,20.4,买盘
1664,600516,方大炭素,09:31:30,20.4,614300,20.48,卖盘
1665,600516,方大炭素,09:31:27,20.48,164200,20.42,买盘
1666,600516,方大炭素,09:31:24,20.42,210100,20.41,中性盘
1667,600516,方大炭素,09:31:21,20.41,141500,20.4,中性盘
1668,600516,方大炭素,09:31:18,20.4,292400,20.37,买盘
1669,600516,方大炭素,09:31:15,20.37,417800,20.31,买盘
1670,600516,方大炭素,09:31:12,20.31,242000,20.3,中性盘
1671,600516,方大炭素,09:31:09,20.3,605500,20.23,买盘
1672,600516,方大炭素,09:31:06,20.23,195300,20.22,中性盘
1673,600516,方大炭素,09:31:03,20.22,123700,20.2,买盘
1674,600516,方大炭素,09:31:00,20.2,143800,20.22,卖盘
1675,600516,方大炭素,09:30:57,20.22,144000,20.2,买盘
1676,600516,方大炭素,09:30:54,20.2,131000,20.18,买盘
1677,600516,方大炭素,09:30:51,20.18,124100,20.28,中性盘
1678,600516,方大炭素,09:30:48,20.28,285600,20.13,买盘
1679,600516,方大炭素,09:30:45,20.13,343800,20.27,卖盘
1680,600516,方大炭素,09:30:42,20.27,200500,20.2,买盘
1681,600516,方大炭素,09:30:39,20.2,111332,20.17,买盘
1682,600516,方大炭素,09:30:36,20.17,104800,20.2,卖盘
1683,600516,方大炭素,09:30:33,20.2,209100,20.2,买盘
1684,600516,方大炭素,09:30:30,20.2,56300,20.28,中性盘
1685,600516,方大炭素,09:30:27,20.28,159200,20.2,买盘
1686,600516,方大炭素,09:30:24,20.2,223400,20.28,卖盘
1687,600516,方大炭素,09:30:21,20.28,268000,20.3,卖盘
1688,600516,方大炭素,09:30:18,20.3,138500,20.29,买盘
1689,600516,方大炭素,09:30:15,20.29,981260,20.34,卖盘
1690,600516,方大炭素,09:30:12,20.34,82500,20.39,卖盘
1691,600516,方大炭素,09:30:09,20.39,184300,20.37,买盘
1692,600516,方大炭素,09:30:06,20.37,895200,20.34,买盘
1693,600516,方大炭素,09:30:03,20.34,5246160,20.2,买盘
1694,600516,方大炭素,09:30:00,20.2,897800,20.29,卖盘
1695,600516,方大炭素,09:25:01,20.29,7942100,0.0,买盘
